=LDR  01875 am a22004813  4500
=001  018836595
=003  Uk
=005  20200626192820.0
=007  cr\mn\024mpada
=008  880726|1928||||enk\\\\|s\\\\o|||\||eng\\
=FMT  \\$a  BK
=019  x\$a0964440156
=040  \\$aUk$cUk
=110  1\$aGreat Britain.$bArmy.$bDivision, 59th.
=245  10$a59th Division, 1915-1918. [Edited by E. U. Bradbridge. With plates and plans.]
=264  \1$aChesterfield :$bWilfred Edmunds,$c1928.
=300  \\$a186 pages ;$c(8º)
=336  \\$atext$2rdacontent
=337  \\$acomputer$2rdamedia
=338  \\$aonline$2rdacarrier
=650  \0$aRegimental histories
=655  \4$aBook
=700  1\$aBRADBRIDGE, Edward Usher.
=859  \\$aXLD$bWW1
=886  2\$2blmarc$a709$b00$aBRADBRIDGE$hEdward Usher$p09083.dd.37.$x0402940024
=852  4\$cDRT$jDigital Store 09083.dd.37.$aBritish Library$bHMNTS
=985  \\$aCorrected by BSS-generated file for WR# 08/145
=985  \\$aCorrected by BSS-generated file for WR# 11/211
=985  \\$aEnhanced by MS generated file for WR# 12/139
=985  \\$aEnhanced by MS generated file for WR# 13/021
=985  \\$aEnhanced by MS generated file for WR# 13/054
=985  \\$aCorrected by MS generated file for WR# 1805-0738
=CAT  \\$aBATCH-DCW$b00$c20180416$lBLL01$h1644
=CAT  \\$a1805-0738$c20190111$lBLL01$h1813
=CAT  \\$a1805-0738$b00$c20190111$lBLL01$h1832
=CAT  \\$aW2001-2376$c20200626$lBLL01$h1928
=FIN  \\$aY$d20180416
=LKR  \\$aPAR$lBLL01$r776$b001094799$m59th Division, 1915-1918. [Edited by E. U. Bradbridge. With plates and plans.]$n59th Division, 1915-1918. [Edited by E. U. Bradbridge. With plates and plans.]
=DGM  \\$a001094799$bCatBridge variable field
=DRT  \\$aWW1
=SRC  \\$aWW1$bEuropeana_Collections_1914-1918
=OHC  \\$a1
=LAS  \\$aW2001-2376$b00$c20200626$lBLL01$h1928

