=LDR  02238 am a22005053  4500
=001  017685265
=003  Uk
=005  20200626190917.0
=007  cr\mn\024mpada
=008  870814|1918||||enk\\\\|s\\\\\|||\||eng\\
=FMT  \\$a  BK
=019  x\$a0022750010
=040  \\$aUk$cUk
=100  1\$aAdcock, Arthur St. John,$d1864-1930.
=245  10$aFor Remembrance: soldier poets who have fallen in the war. [With portraits.]
=264  \1$aLondon :$bHodder & Stoughton,$c1918.
=300  \\$a246 pages ;$c(8º)
=336  \\$atext$2rdacontent
=337  \\$acomputer$2rdamedia
=338  \\$aonline$2rdacarrier
=650  \0$aWorld War, 1914-1918$xLiterature and the war.
=655  \4$aBook
=775  0\$t[For Remembrance: soldier poets who have fallen in the war. [With portraits.]]$w(Uk)MP1.0000019797.1$dpp. viii. 312. Hodder & Stoughton: London, [1920.] 8º.
=859  \\$aXLD$bWW1
=852  4\$cDRT$jDigital Store 010803.df.15.$aBritish Library$bHMNTS
=985  \\$aCorrected by BSS-generated file for WR# 11/048
=985  \\$aCorrected by MS generated file for WR# 12.037
=985  \\$aDisaggregated record: Type B
=985  \\$aEnhanced by MS generated file for WR# 12/139
=985  \\$aEnhanced by MS generated file for WR# 13/021
=985  \\$aEnhanced by MS generated file for WR# 13/054
=985  \\$aCorrected by MS generated file for WR# 1805-0738
=CAT  \\$aBATCH-DCW$b00$c20151231$lBLL01$h1202
=CAT  \\$aBATCH-UPD$b00$c20151231$lBLL01$h1202
=CAT  \\$a1805-0738$c20190104$lBLL01$h1824
=CAT  \\$a1805-0738$b00$c20190104$lBLL01$h1903
=CAT  \\$aW2001-2376$c20200626$lBLL01$h1909
=FIN  \\$aY$d15123112
=LKR  \\$aPAR$b000017608$r775$mFor Remembrance: soldier poets who have fallen in the war. [With portraits.]$n[For Remembrance: soldier poets who have fallen in the war. [With portraits.]]
=LKR  \\$aPAR$lBLL01$r776$b000017607$mFor Remembrance: soldier poets who have fallen in the war. [With portraits.]$nFor Remembrance: soldier poets who have fallen in the war. [With portraits.]
=DGM  \\$a000017607$bCatBridge variable field
=DRT  \\$aWW1
=SRC  \\$aWW1$bEuropeana_Collections_1914-1918_20140510
=OHC  \\$a1
=LAS  \\$aW2001-2376$b00$c20200626$lBLL01$h1909

