=LDR  01588 am a2200469 a 4500
=001  017685287
=003  Uk
=005  20151231130114.0
=007  cr\mn\024mpada
=008  880418s1927\\\\enk\\\\\s\\\\\000\0\eng\\
=FMT  \\$a  BK
=019  u\$aG10432197
=019  x\$a0261420259
=040  \\$aUk$cUk$dUk
=041  1\$aeng$bger
=082  04$a940.314
=100  1\$aBergmann, Carl,$d1874-1935.
=240  10$aWeg der Reparation.$lEnglish
=245  14$aThe history of reparations /$cby Carl Bergmann ; with a foreword by Sir Josiah Stamp.
=260  \\$aLondon :$bErnest Benn,$c1927.
=300  \\$axx, 333 p. ;$c26 cm.
=336  \\$atext$2rdacontent
=337  \\$acomputer$2rdamedia
=338  \\$aonline$2rdacarrier
=500  \\$aTranslation of: Der Weg der Reparation.
=650  \0$aWorld War, 1914-1918$xEconomic aspects.
=650  \0$aWorld War, 1914-1918$xReparations.
=655  \4$aBook
=859  \\$aXLD$bWW1
=852  4\$aBritish Library$bHMNTS$cDRT$jDigital Store 08225.cc.31.
=985  \\$aCorrected by BSS-generated file for WR# 11/048
=985  \\$aRecord merged by DQ team
=CAT  \\$aBATCH-DCW$b00$c20151231$lBLL01$h1301
=CAT  \\$aBATCH-DCW$b00$c20151231$lBLL01$h1658
=FIN  \\$aY$d15123113
=LKR  \\$aPAR$lBLL01$r776$b000285279$mThe history of reparations /$nThe history of reparations /
=DGM  \\$a000285279$bCatBridge variable field
=DRT  \\$aWW1
=SRC  \\$aWW1$bEuropeana_Collections_1914-1918_20140508
=SRC  \\$aWW1$bEuropeana_Collections_1914-1918_20151231
=OHC  \\$a2
=LAS  \\$aBATCH-DCW$b00$c20151231$lBLL01$h1658

