=LDR  02124 am a22004933  4500
=001  017685289
=003  Uk
=005  20200626190917.0
=007  cr\mn\024mpada
=008  880629|1913||||enk\\\\|s\\\\o|||\||eng\\
=FMT  \\$a  BK
=019  x\$a099070016X
=040  \\$aUk$cUk
=110  1\$aGreat Britain.$bWar Office.$bGeneral Staff.
=245  10$a[Das Begegnungsgefecht.] The Battle of Encounter. By Hans von Kiesling ... Translated by the General Staff, War Office. Pt. 1. Practical. [With maps.]
=264  \1$aLondon,$c1913.
=300  \\$a147 pages ;$c(8º)
=336  \\$atext$2rdacontent
=337  \\$acomputer$2rdamedia
=338  \\$aonline$2rdacarrier
=650  \0$a650 _0$aGermany
=655  \4$aOfficial document
=700  1\$aKiesling, Hans von.
=859  \\$aXLD$bWW1
=886  2\$2blmarc$a709$b00$aKIESLING$hHans von$p8831.k.32.$x1741390087
=852  4\$cDRT$jDigital Store 8831.k.32.$aBritish Library$bHMNTS
=985  \\$aCorrected by BSS-generated file for WR# 11/031
=985  \\$aCorrected by MS generated file for WR# 12.037
=985  \\$aEnhanced by MS generated file for WR# 12/139
=985  \\$aEnhanced by MS generated file for WR# 13/021
=985  \\$aEnhanced by MS generated file for WR# 13/054
=985  \\$aCorrected by MS generated file for WR# 1805-0738
=CAT  \\$aBATCH-DCW$b00$c20151231$lBLL01$h1301
=CAT  \\$aBATCH-UPD$b00$c20151231$lBLL01$h1301
=CAT  \\$a1805-0738$c20190104$lBLL01$h1824
=CAT  \\$a1805-0738$b00$c20190104$lBLL01$h1903
=CAT  \\$aW2001-2376$c20200626$lBLL01$h1909
=FIN  \\$aY$d15123113
=LKR  \\$aPAR$lBLL01$r776$b001121734$m[Das Begegnungsgefecht.] The Battle of Encounter. By Hans von Kiesling ... Translated by the General Staff, War Office. Pt. 1. Practical. [With maps.]$n[Das Begegnungsgefecht.] The Battle of Encounter. By Hans von Kiesling ... Translated by the General Staff, War Office. Pt. 1. Practical. [With maps.]
=DGM  \\$a001121734$bCatBridge variable field
=DRT  \\$aWW1
=SRC  \\$aWW1$bEuropeana_Collections_1914-1918_20140508
=OHC  \\$a1
=LAS  \\$aW2001-2376$b00$c20200626$lBLL01$h1909

