=LDR  01664 am a22004693  4500
=001  017685290
=003  Uk
=005  20200626190917.0
=007  cr\mn\024mpada
=008  880726|1926||||enk\\\\|s\\\\\|||\||eng\\
=FMT  \\$a  BK
=019  x\$a1112760091
=040  \\$aUk$cUk
=100  1\$aFord, Ford Madox,$d1873-1939.
=245  12$aA Man could Stand Up-A novel.
=264  \1$aLondon :$bDuckworth,$c1926.
=300  \\$a275 pages ;$c(8º)
=336  \\$atext$2rdacontent
=337  \\$acomputer$2rdamedia
=338  \\$aonline$2rdacarrier
=650  \0$aWorld War, 1914-1918$xLiterature and the war.
=655  \4$aBook
=859  \\$aXLD$bWW1
=852  4\$cDRT$jDigital Store Cup.403.tt.23.$aBritish Library$bHMNTS
=985  \\$aCorrected by BSS-generated file
=985  \\$aCorrected by BSS-generated file for WR# 11/048
=985  \\$aCorrected by MS generated file for WR# 12.037
=985  \\$aEnhanced by MS generated file for WR# 12/139
=985  \\$aEnhanced by MS generated file for WR# 13/021
=985  \\$aEnhanced by MS generated file for WR# 13/054
=985  \\$aCorrected by MS generated file for WR# 1805-0738
=CAT  \\$aBATCH-DCW$b00$c20151231$lBLL01$h1301
=CAT  \\$a1805-0738$c20190104$lBLL01$h1824
=CAT  \\$a1805-0738$b00$c20190104$lBLL01$h1903
=CAT  \\$aW2001-2376$c20200626$lBLL01$h1909
=FIN  \\$aY$d15123113
=LKR  \\$aPAR$lBLL01$r776$b001267730$mA Man could Stand Up-A novel.$nA Man could Stand Up-A novel.
=DGM  \\$a001267730$bCatBridge variable field
=DRT  \\$aWW1
=SRC  \\$aWW1$bEuropeana_Collections_1914-1918_20140508
=OHC  \\$a1
=LAS  \\$aW2001-2376$b00$c20200626$lBLL01$h1909

