=LDR  01938 am a22005053  4500
=001  017685293
=003  Uk
=005  20200626190917.0
=007  cr\mn\024mpada
=008  900119|1918||||xxu\\\\|s\\\\\|||\||eng\\
=FMT  \\$a  BK
=019  x\$a2773160320
=040  \\$aUk$cUk
=100  1\$aRoberts, E. M.
=245  12$aA Flying Fighter: an American above the lines in France ... Illustrated.
=264  \1$aNew York ;$aLondon :$bHarper & Bros,$c1918.
=300  \\$a338 pages ;$c(8º)
=336  \\$atext$2rdacontent
=337  \\$acomputer$2rdamedia
=338  \\$aonline$2rdacarrier
=650  \0$aWorld War, 1914-1918$xAerial operations
=655  \4$aBook
=859  \\$aXLD$bWW1
=852  4\$cDRT$jDigital Store 09083.c.29.$aBritish Library$bHMNTS
=985  \\$aCorrected by BSS-generated file
=985  \\$aCorrected by BSS-generated file for WR# 11/211
=985  \\$aCorrected by MS generated file for WR# 12.037
=985  \\$aEnhanced by MS generated file for WR# 12/139
=985  \\$aEnhanced by MS generated file for WR# 13/021
=985  \\$aEnhanced by MS generated file for WR# 13/054
=985  \\$aCorrected by MS generated file for WR# 1805-0738
=CAT  \\$aBATCH-DCW$b00$c20151231$lBLL01$h1301
=CAT  \\$aBATCH-UPD$b00$c20151231$lBLL01$h1301
=CAT  \\$aBATCH-RIGH$c20170607$lBLL01$h1816
=CAT  \\$aR1706-1834$c20170629$lBLL01$h1227
=CAT  \\$a1805-0738$c20190104$lBLL01$h1824
=CAT  \\$a1805-0738$b00$c20190104$lBLL01$h1903
=CAT  \\$aW2001-2376$c20200626$lBLL01$h1909
=FIN  \\$aY$d15123113
=LKR  \\$aPAR$lBLL01$r776$b003116831$mA Flying Fighter: an American above the lines in France ... Illustrated.$nA Flying Fighter: an American above the lines in France ... Illustrated.
=DGM  \\$a003116831$bCatBridge variable field
=DRT  \\$aWW1
=SRC  \\$aWW1$bEuropeana_Collections_1914-1918_20140508
=OHC  \\$a1
=LAS  \\$aW2001-2376$b00$c20200626$lBLL01$h1909

