=LDR  01791 am a22004573  4500
=001  017685294
=003  Uk
=005  20200626190917.0
=007  cr\mn\024mpada
=008  900823|1919||||enk\\\\|s\\\\\|||\||eng\\
=FMT  \\$a  BK
=019  x\$a3081290325
=040  \\$aUk$cUk
=100  1\$aSorley, Charles Hamilton,$d1895-1915.
=245  14$aThe Letters of Charles Sorley. With a chapter of biography [by Mrs. Janet Sorley].
=264  \1$aCambridge :$bUniversity Press,$c1919.
=300  \\$axiii, 320 pages ;$c(8º)
=336  \\$atext$2rdacontent
=337  \\$acomputer$2rdamedia
=338  \\$aonline$2rdacarrier
=650  \0$aWorld War, 1914-1918$xLiterature and the war.
=655  \4$aBook
=700  1\$aSORLEY, Janet,$cMrs.
=859  \\$aXLD$bWW1
=886  2\$2blmarc$a709$b00$aSORLEY$hJanet$fMrs.$p010902.f.24.$x3081300088
=852  4\$cDRT$jDigital Store 010902.f.24.$aBritish Library$bHMNTS
=985  \\$aCorrected by BSS-generated file for WR# 11/216
=985  \\$aCorrected by MS generated file for WR# 12.037
=985  \\$aEnhanced by MS generated file for WR# 12/139
=985  \\$aCorrected by MS generated file for WR# 1805-0738
=CAT  \\$aBATCH-DCW$b00$c20151231$lBLL01$h1301
=CAT  \\$a1805-0738$c20190104$lBLL01$h1824
=CAT  \\$a1805-0738$b00$c20190104$lBLL01$h1903
=CAT  \\$aW2001-2376$c20200626$lBLL01$h1909
=FIN  \\$aY$d15123113
=LKR  \\$aPAR$lBLL01$r776$b003444078$mThe Letters of Charles Sorley. With a chapter of biography [by Mrs. Janet Sorley].$nThe Letters of Charles Sorley. With a chapter of biography [by Mrs. Janet Sorley].
=DGM  \\$a003444078$bCatBridge variable field
=DRT  \\$aWW1
=SRC  \\$aWW1$bEuropeana_Collections_1914-1918_20140508
=OHC  \\$a1
=LAS  \\$aW2001-2376$b00$c20200626$lBLL01$h1909

