=LDR  02071 am a22004573  4500
=001  017685297
=003  Uk
=005  20151231130128.0
=007  cr\mn\024mpada
=008  890222s1920\\\\ru\\\\\\s\\\\\000\0brus\\
=FMT  \\$a  BK
=019  x\$a1884890210
=040  \\$aUk$cUk
=100  1\$aLemke, M. K.$q(Mikhail Konstantinovich),$d1872-1923.
=245  10$6880-01$a250 dneĭ v t︠s︡arskoĭ Stavki︠e︡ :$b25 senti︠a︡bri︠a︡ 1915 - 2 ii︠u︡li︠a︡ 1916 /$cMikhail Konstantinovich Lemke.
=246  11$a250 dneĭ v t︠s︡arskoĭ Stavke.
=246  11$aDvesti pi︠a︡tʹdesi︠a︡t dneĭ v t︠s︡arskoĭ Stavke.
=260  \\$aPetrograd,$c1920.
=300  \\$a859 p. ;$c20 cm
=336  \\$atext$2rdacontent
=337  \\$acomputer$2rdamedia
=338  \\$aonline$2rdacarrier
=600  10$aLemke, M. K.$q(Mikhail Konstantinovich),$d1872-1923.
=610  10$aRussia.$bStavka Verkhovnago glavnokomandui︠u︡shchago.
=650  \0$aWorld War, 1914-1918$vPersonal narratives, Russian.
=655  \4$aBook
=859  \\$aXLD$bWW1
=880  01$6245-10$a250 дней въ царской ставкѣ :$b25 сентября 1915 - 2 іюля 1916 /$cМихаил Константинович Лемке.
=852  4\$aBritish Library$bHMNTS$cDRT$jDigital Store 09083.b.77
=985  \\$aCorrected by MS generated file for WR# 12.037
=985  \\$aEnhanced by MS generated file for WR# 12/139
=985  \\$aEnhanced by MS generated file for WR# 13/021
=985  \\$aEnhanced by MS generated file for WR# 13/054
=CAT  \\$aBATCH-DCW$b00$c20151231$lBLL01$h1301
=FIN  \\$aY$d15123113
=LKR  \\$aPAR$lBLL01$r776$b002127653$m250 dneĭ v t︠s︡arskoĭ Stavki︠e︡ : 25 senti︠a︡bri︠a︡ 1915 - 2 ii︠u︡li︠a︡ 1916 /$n250 dneĭ v t︠s︡arskoĭ Stavki︠e︡ : 25 senti︠a︡bri︠a︡ 1915 - 2 ii︠u︡li︠a︡ 1916 /
=DGM  \\$a002127653$bCatBridge variable field
=DRT  \\$aWW1
=SRC  \\$aWW1$bEuropeana_Collections_1914-1918_20140508
=OHC  \\$a1
=LAS  \\$aBATCH-DCW$b00$c20151231$lBLL01$h1301

