=LDR  01550cam a22004213  4500
=001  017685299
=003  Uk
=005  20230904142143.0
=007  cr\mn\024mpada
=008  940208s1917\\\\ru\a\\\\s\\\\\000\0\rus\\
=FMT  \\$a  BK
=040  \\$aUk$beng$cUk$dUk
=245  00$aLi︠e︡topisʹ voĭny.$nNo 76 (30 I͡anvari͡a 1916 g)
=260  \\$aPetrograd :$bR. Golike i A. Vilʹborg,$c1917.
=300  \\$apages 1210-1224 :$billustrations (black and white) ;$c(8º)
=336  \\$atext$2rdacontent
=337  \\$acomputer$2rdamedia
=338  \\$aonline$2rdacarrier
=340  \\$m8vo$2rdabf
=859  \\$aXLD$bWW1
=883  0\$aLanguage codes assigned by Bayesian analysis of words present in record$d20201028$qUk$c0.9010
=852  4\$aBritish Library$bHMNTS$cDRT$jDigital Store P.P.4051.pd.
=985  \\$aCorrected by MS generated file for WR# 11/211
=985  \\$aCorrected by MS generated file for WR# 1805-0738
=985  \\$aUpgraded by BSS-generated file for WR2011-1472
=CAT  \\$aBATCH-DCW$b00$c20151231$lBLL01$h1301
=CAT  \\$aBATCH-UPD$b00$c20151231$lBLL01$h1301
=CAT  \\$a1805-0738$c20190104$lBLL01$h1824
=CAT  \\$a1805-0738$b00$c20190104$lBLL01$h1903
=CAT  \\$aW2011-1472$b00$c20201127$lBLL01$h1844
=CAT  \\$a8874$b40$c20230904$lBLL01$h1420
=CAT  \\$a8874$b40$c20230904$lBLL01$h1421
=FIN  \\$aY$d15123113
=DGM  \\$a002837551$bCatBridge variable field
=DRT  \\$aWW1
=SRC  \\$aWW1$bEuropeana_Collections_1914-1918_20140508
=OHC  \\$a1
=LAS  \\$a8874$b40$c20230904$lBLL01$h1421

