=LDR  02682 as a22005533  4500
=001  017685300
=003  Uk
=005  20200928153603.0
=007  cr\mn\024mpada
=008  950310d18221828ru\mr\p\\\\\\\0\\\\0rus\\
=FMT  \\$a  SE
=019  x\$a2524110192
=035  \\$a(OCoLC)32129355
=040  \\$aDLC$beng$cOSU$dYUS$dOCLCF$dOCLCO$dOCL$dUk
=245  00$aSi︠e︡vernyĭ arkhiv;$bzhurnalʺ drevnosteĭ i novosteĭ po chasti istorīi, statistiki, puteshestvīĭ, pravovi︠e︡denīi︠a︡ i nravovʺ.
=246  11$aSevernyĭ arkhiv
=246  11$aСѣверный Архивъ, журналъ исторіи, статистики, и путешествій, издаваемый Ѳ. Булгаринымъ [from 1822-24]. (Ѳ. Булгаринымъ и Н. Гречемъ [from 1825-28].
=260  \\$aSanktpeterburgʺ,$c1822-1828.
=300  \\$a7 v. in 16.$billus., ports.$c22 cm.
=310  \\$aMonthly,$b1828
=321  \\$aSemimonthly,$b1822-27
=336  \\$atext$2rdacontent
=337  \\$acomputer$2rdamedia
=338  \\$aonline$2rdacarrier
=362  0\$ach. 1-36; 1822-28.
=500  \\$aSubtitle varies: 1822-24, Zhurnalʺ istorīi, statistiki i puteshestvīĭ.
=500  \\$aRomanized record.
=500  \\$aWanting no. 1 for 1822 and sig. 25 of no. 4 for 1826.
=650  \0$aPeriodicals.
=700  1\$aBulgarin, Faddeĭ,$d1789-1859.
=700  1\$aGrech, Nikolaĭ,$d1787-1867.
=859  \\$aXLD$bWW1
=886  2\$2blmarc$a709$b00$aBUŁHARYN$hTadeusz$pP.P.3914.d.$x0471150118
=886  2\$2blmarc$a709$b00$aGRECH$hNikolai Ivanovich$pP.P.3914.d.$x1312650184
=883  0\$aLanguage codes assigned by Bayesian analysis of words present in record$d20200826$qUk$c0.9919
=852  4\$aBritish Library$bHMNTS$cDRT$jDigital Store P.P.4051.pd.
=985  \\$aCorrected by MS generated file for WR# 11/211
=985  \\$aUpgraded by BSS-generated file for WR2009-0365
=CAT  \\$aBATCH-DCW$b00$c20151231$lBLL01$h1301
=CAT  \\$a11937$b40$c20181127$lBLL01$h1724
=CAT  \\$a11937$b40$c20181127$lBLL01$h1725
=CAT  \\$aW2009-0365$b00$c20200928$lBLL01$h1536
=FIN  \\$aY$d15123113
=LKR  \\$aPAR$b002837568$lBLL01$r776$mSi︠e︡vernyĭ arkhiv; zhurnalʺ drevnosteĭ i novosteĭ po chasti istorīi, statistiki, puteshestvīĭ, pravovi︠e︡denīi︠a︡ i nravovʺ.$nSi︠e︡vernyĭ arkhiv; zhurnalʺ drevnosteĭ i novosteĭ po chasti istorīi, statistiki, puteshestvīĭ, pravovi︠e︡denīi︠a︡ i nravovʺ.
=DGM  \\$a002837568$bCatBridge variable field
=DRT  \\$aWW1
=SRC  \\$aWW1$bEuropeana_Collections_1914-1918_20140508
=OHC  \\$a1
=LAS  \\$aW2009-0365$b00$c20200928$lBLL01$h1536

