=LDR  03597 as a22005053  4500
=001  017685301
=003  Uk
=005  20200928153603.0
=007  cr\mn\024mpada
=008  891220u1847||||||||||p|s|\\\\||\\||rus\\
=FMT  \\$a  SE
=019  x\$a2524120007
=040  \\$aUk$cUk
=245  00$a[New series.] Современникъ: литературный (и съ 1859 года политическій) журналъ, издаваемый съ 1847 года [to 1862, tom. 9-91] И. Панаевымъ и Н. Некрасовымъ, подъ редакціею [during 1847 , 48, tom. 1-8] А. Никитенко. (Издаваемый [from 1862, tom. 92-113] Н. А. Некрасовымъ.) том. 1-113..
=264  \1$aСанктпетербургъ,$c1847-66.
=300  \\$c(8º)
=336  \\$atext$2rdacontent
=337  \\$acomputer$2rdamedia
=338  \\$aonline$2rdacarrier
=340  \\$m8vo$2rdabf
=655  \4$aPeriodical publications.- Leningrad
=700  1\$aNIKITENKO, Aleksandr Vasil'evich.
=700  1\$aNekrasov, Nikolaĭ Alekseevich,$d1821-1878.$tWorks edited, translated or with contributions by this author.
=700  1\$aPANAEV, Ivan Ivanovich.
=740  0\$aСовременникъ, литературный журналъ, издаваемый [tom. 1-4, 1836] А. Пушкинымъ. (Издатели и редакторы: ... въ 1837 [tom. 5-8] В. А. Жуковскій и П. А. Вяземскій съ нѣкоторыми другими литераторами; съ 1838 [to 1846, tom. 9-44] П. А. Плетневъ.)
=859  \\$aXLD$bWW1
=886  2\$2blmarc$a709$b00$aNEKRASOV$hNikolai Alekseevich$tWorks edited, translated or with contributions by this author$pP.901/41.$x2332720073
=886  2\$2blmarc$a709$b00$aNIKITENKO$hAleksandr Vasil'evich$pP.901/41.$x2371290130
=886  2\$2blmarc$a709$b00$aPANAEV$hIvan Ivanovich$pP.901/41.$x2461350035
=883  0\$aLanguage codes assigned by Bayesian analysis of words present in record$d20200826$qUk$c0.9919
=852  4\$aBritish Library$bHMNTS$cDRT$jDigital Store P.P.4051.pd.
=985  \\$aCorrected by MS generated file for WR# 11/211
=985  \\$aCorrected by MS generated file for WR# 1805-0738
=985  \\$aUpgraded by BSS-generated file for WR2009-0365
=CAT  \\$aBATCH-DCW$b00$c20151231$lBLL01$h1301
=CAT  \\$a1805-0738$c20190104$lBLL01$h1824
=CAT  \\$a1805-0738$b00$c20190104$lBLL01$h1903
=CAT  \\$aW2009-0365$b00$c20200928$lBLL01$h1536
=FIN  \\$aY$d15123113
=LKR  \\$aPAR$lBLL01$r776$b002837577$m[New series.] Современникъ: литературный (и съ 1859 года политическій) журналъ, издаваемый съ 1847 года [to 1862, tom. 9-91] И. Панаевымъ и Н. Некрасовымъ, подъ редакціею [during 1847 , 48, tom. 1-8] А. Никитенко. (Издаваемый [from 1862, tom. 92-113] Н. А. Некрасовымъ.) том. 1-113..$n[New series.] Современникъ: литературный (и съ 1859 года политическій) журналъ, издаваемый съ 1847 года [to 1862, tom. 9-91] И. Панаевымъ и Н. Некрасовымъ, подъ редакціею [during 1847 , 48, tom. 1-8] А. Никитенко. (Издаваемый [from 1862, tom. 92-113] Н. А. Некрасовымъ.) том. 1-113..
=DGM  \\$a002837577$bCatBridge variable field
=DRT  \\$aWW1
=SRC  \\$aWW1$bEuropeana_Collections_1914-1918_20140508
=OHC  \\$a1
=LAS  \\$aW2009-0365$b00$c20200928$lBLL01$h1536

