=LDR  02575 as a22004573  4500
=001  017685302
=003  Uk
=005  20201127184431.0
=007  cr\mn\024mpada
=008  891220u1898||||||||||p|s|\\\o||\\||rus\\
=FMT  \\$a  SE
=019  x\$a252412035X
=040  \\$aUk$cUk
=245  00$aРѣшенія гражданскаго (уголовнаго) кассаціоннаго департамента Правительствующаго Сената. 1897. (Изданіе неоффиціальное. Приложеніе къ "Юридической Газетѣ.").
=264  \1$aС.-Петербургъ,$c1898.
=300  \\$a2 parts ;$c(8º)
=336  \\$atext$2rdacontent
=337  \\$acomputer$2rdamedia
=338  \\$aonline$2rdacarrier
=340  \\$m8vo$2rdabf
=655  \4$aPeriodical publications.- Leningrad
=710  1\$aRUSSIA [Russian Empire].$bPravitel'stvui︠u︡shchiĭ Senat.
=740  0\$a[Юридическая Газета.]
=859  \\$aXLD$bWW1
=886  2\$2blmarc$a709$b00$aRUSSIA [Russian Empire]$dDepartments of State and Public Institutions$dPravitel'stvui︠u︡shchiĭ Senat$pP.P.1304.bb.$x2850550019
=883  0\$aLanguage codes assigned by Bayesian analysis of words present in record$d20201028$qUk$c0.9010
=852  4\$aBritish Library$bHMNTS$cDRT$jDigital Store P.P.4051.pd.
=985  \\$aCorrected by MS generated file for WR# 11/211
=985  \\$aCorrected by MS generated file for WR# 1805-0738
=985  \\$aUpgraded by BSS-generated file for WR2011-1472
=CAT  \\$aBATCH-DCW$b00$c20151231$lBLL01$h1301
=CAT  \\$a1805-0738$c20190104$lBLL01$h1824
=CAT  \\$a1805-0738$b00$c20190104$lBLL01$h1903
=CAT  \\$aW2011-1472$b00$c20201127$lBLL01$h1844
=FIN  \\$aY$d15123113
=LKR  \\$aPAR$lBLL01$r776$b002837597$mРѣшенія гражданскаго (уголовнаго) кассаціоннаго департамента Правительствующаго Сената. 1897. (Изданіе неоффиціальное. Приложеніе къ "Юридической Газетѣ.").$nРѣшенія гражданскаго (уголовнаго) кассаціоннаго департамента Правительствующаго Сената. 1897. (Изданіе неоффиціальное. Приложеніе къ "Юридической Газетѣ.").
=DGM  \\$a002837597$bCatBridge variable field
=DRT  \\$aWW1
=SRC  \\$aWW1$bEuropeana_Collections_1914-1918_20140508
=OHC  \\$a1
=LAS  \\$aW2011-1472$b00$c20201127$lBLL01$h1844

