=LDR  01598cam a22004333  4500
=001  017685303
=003  Uk
=005  20230904143452.0
=007  cr\mn\024mpada
=008  891220s1916\\\\ru\a\\\\s\\\\\000\0\rus\\
=FMT  \\$a  BK
=040  \\$aUk$beng$cUk$dUk
=245  00$aLi︠e︡topisʹ voĭny.$nNo 123 (24 Dekabri͡a 1916 g.)
=260  \\$aPetrograd :$bR. Golike i A. Vilʹborg,$c1916.
=300  \\$apages 1962-1976 :$billustrations (black and white) ;$c(8º)
=336  \\$atext$2rdacontent
=337  \\$acomputer$2rdamedia
=338  \\$aonline$2rdacarrier
=340  \\$m8vo$2rdabf
=859  \\$aXLD$bWW1
=883  0\$aLanguage codes assigned by Bayesian analysis of words present in record$d20200826$qUk$c0.9919
=852  4\$aBritish Library$bHMNTS$cDRT$jDigital Store P.P.4051.pd.
=985  \\$aCorrected by MS generated file for WR# 11/211
=985  \\$aCorrected by MS generated file for WR# 1805-0738
=985  \\$aUpgraded by BSS-generated file for WR2009-0365
=CAT  \\$aBATCH-DCW$b00$c20151231$lBLL01$h1301
=CAT  \\$a5194$b40$c20180821$lBLL01$h1146
=CAT  \\$aBATCH-UPD$b40$c20180821$lBLL01$h1146
=CAT  \\$a1805-0738$c20190118$lBLL01$h1754
=CAT  \\$a1805-0738$b00$c20190118$lBLL01$h1755
=CAT  \\$aW2009-0365$b00$c20200928$lBLL01$h1536
=CAT  \\$a8874$b40$c20230904$lBLL01$h1434
=CAT  \\$a8874$b40$c20230904$lBLL01$h1434
=FIN  \\$aY$d15123113
=DGM  \\$a002837598$bCatBridge variable field
=DRT  \\$aWW1
=SRC  \\$aWW1$bEuropeana_Collections_1914-1918_20140508
=OHC  \\$a1
=LAS  \\$a8874$b40$c20230904$lBLL01$h1434

