=LDR  01560 as a22004093  4500
=001  017685305
=003  Uk
=005  20200417190301.0
=007  cr\mn\024mpada
=008  891220u1871||||||||||p|s|\\\\||\\||fre\\
=FMT  \\$a  SE
=019  x\$a2524120384
=040  \\$aUk$cUk
=245  00$aAnnuaire des Finances Russes, Budget credit ... par A. Vessélovsky. année 1-11.
=264  \1$aSt.-Pétersbourg,$c1871-83.
=300  \\$c(8º)
=336  \\$atext$2rdacontent
=337  \\$acomputer$2rdamedia
=338  \\$aonline$2rdacarrier
=340  \\$m8vo$2rdabf
=655  \4$aPeriodical publications.- Leningrad
=700  1\$aVESELOVSKY, Aleksandr Konstantinovich.
=859  \\$aXLD$bWW1
=886  2\$2blmarc$a709$b00$aVESELOVSKY$hAleksandr Konstantinovich$pP.P.1423.pg.$x3391090057
=852  4\$aBritish Library$bHMNTS$cDRT$jDigital Store P.P.4051.pd.
=985  \\$aUpgraded by BSS-generated file for WR1910-0531
=CAT  \\$aBATCH-DCW$b00$c20151231$lBLL01$h1301
=CAT  \\$a1805-0738$c20190104$lBLL01$h1824
=CAT  \\$a1805-0738$b00$c20190104$lBLL01$h1903
=CAT  \\$aW1910-0531$b00$c20200417$lBLL01$h1903
=FIN  \\$aY$d15123113
=LKR  \\$aPAR$lBLL01$r776$b002837600$mAnnuaire des Finances Russes, Budget credit ... par A. Vessélovsky. année 1-11.$nAnnuaire des Finances Russes, Budget credit ... par A. Vessélovsky. année 1-11.
=DGM  \\$a002837600$bCatBridge variable field
=DRT  \\$aWW1
=SRC  \\$aWW1$bEuropeana_Collections_1914-1918_20140508
=OHC  \\$a1
=LAS  \\$aW1910-0531$b00$c20200417$lBLL01$h1903

