=LDR  01864 as a22004453  4500
=001  017685306
=003  Uk
=005  20200928153603.0
=007  cr\mn\024mpada
=008  891220u1755||||||||||p|s|\\\\||\\||fre\\
=FMT  \\$a  SE
=019  x\$a2524130010
=040  \\$aUk$cUk
=245  00$aLe Caméléon littéraire ... Par l'auteur du Philosophe au Parnasse [i.e. T. H. de Tschudy]. no. 13-25.
=264  \1$aSaint Petersbourg,$c1755.
=300  \\$c(8º)
=336  \\$atext$2rdacontent
=337  \\$acomputer$2rdamedia
=338  \\$aonline$2rdacarrier
=340  \\$m8vo$2rdabf
=655  \4$aPeriodical publications.- Leningrad
=700  1\$aTSCHUDY, Théodore Henri de,$cBaron.
=859  \\$aXLD$bWW1
=886  2\$2blmarc$a709$b00$aTSCHUDY$hThéodore Henri de$fBaron$pP.P.4855.ba.$x3302230133
=883  0\$aLanguage codes assigned by Bayesian analysis of words present in record$d20200826$qUk$c0.9919
=852  4\$aBritish Library$bHMNTS$cDRT$jDigital Store P.P.4051.pd.
=985  \\$aCorrected by BSS-generated file for WR# 11/012
=985  \\$aCorrected by MS generated file for WR# 1805-0738
=985  \\$aUpgraded by BSS-generated file for WR2009-0365
=CAT  \\$aBATCH-DCW$b00$c20151231$lBLL01$h1301
=CAT  \\$a1805-0738$c20190104$lBLL01$h1824
=CAT  \\$a1805-0738$b00$c20190104$lBLL01$h1903
=CAT  \\$aW2009-0365$b00$c20200928$lBLL01$h1536
=FIN  \\$aY$d15123113
=LKR  \\$aPAR$lBLL01$r776$b002837601$mLe Caméléon littéraire ... Par l'auteur du Philosophe au Parnasse [i.e. T. H. de Tschudy]. no. 13-25.$nLe Caméléon littéraire ... Par l'auteur du Philosophe au Parnasse [i.e. T. H. de Tschudy]. no. 13-25.
=DGM  \\$a002837601$bCatBridge variable field
=DRT  \\$aWW1
=SRC  \\$aWW1$bEuropeana_Collections_1914-1918_20140508
=OHC  \\$a1
=LAS  \\$aW2009-0365$b00$c20200928$lBLL01$h1536

