=LDR  01855 as a22004333  4500
=001  017685307
=003  Uk
=005  20200928153603.0
=007  cr\mn\024mpada
=008  891220u1840||||||||||p|s|\\\\||\\||fre\\
=FMT  \\$a  SE
=019  x\$a2524130037
=040  \\$aUk$cUk
=245  00$aNotices sur la Russie, publiées sous le titre de Supplémens d'Intérieur au Journal de Saint-Pétersbourg pour l'année 1840.
=264  \1$aSaint-Pétersbourg,$c1840.
=300  \\$a190 pages ;$c(8º)
=336  \\$atext$2rdacontent
=337  \\$acomputer$2rdamedia
=338  \\$aonline$2rdacarrier
=340  \\$m8vo$2rdabf
=655  \4$aPeriodical publications.- Leningrad
=740  0\$a[Journal de Saint-Pétersbourg.]
=859  \\$aXLD$bWW1
=883  0\$aLanguage codes assigned by Bayesian analysis of words present in record$d20200826$qUk$c0.9919
=852  4\$aBritish Library$bHMNTS$cDRT$jDigital Store P.P.4051.pd.
=985  \\$aCorrected by BSS-generated file for WR# 11/211
=985  \\$aCorrected by MS generated file for WR# 1805-0738
=985  \\$aUpgraded by BSS-generated file for WR2009-0365
=CAT  \\$aBATCH-DCW$b00$c20151231$lBLL01$h1301
=CAT  \\$a1805-0738$c20190104$lBLL01$h1824
=CAT  \\$a1805-0738$b00$c20190104$lBLL01$h1903
=CAT  \\$aW2009-0365$b00$c20200928$lBLL01$h1536
=FIN  \\$aY$d15123113
=LKR  \\$aPAR$lBLL01$r776$b002837602$mNotices sur la Russie, publiées sous le titre de Supplémens d'Intérieur au Journal de Saint-Pétersbourg pour l'année 1840.$nNotices sur la Russie, publiées sous le titre de Supplémens d'Intérieur au Journal de Saint-Pétersbourg pour l'année 1840.
=DGM  \\$a002837602$bCatBridge variable field
=DRT  \\$aWW1
=SRC  \\$aWW1$bEuropeana_Collections_1914-1918_20140508
=OHC  \\$a1
=LAS  \\$aW2009-0365$b00$c20200928$lBLL01$h1536

