=LDR  01625 am a22004333  4500
=001  017685371
=003  Uk
=005  20151231150305.0
=007  cr\mn\024mpada
=008  880111|1917||||xxc\\\\|s\\\\\|||\||fre\\
=FMT  \\$a  BK
=019  x\$a0392110202
=040  \\$aUk$cUk
=100  1\$aBourassa, Henri,$d1868-1952.
=245  12$aL'intervention américaine;$bses motifs, son objet, ses conséquences.
=260  \\$aMontréal :$bÉditions du Devoir,$c1917.
=300  \\$a51 p. ;$c23 cm.
=336  \\$atext$2rdacontent
=337  \\$acomputer$2rdamedia
=338  \\$aonline$2rdacarrier
=650  \0$aIntellectual life.
=650  \0$aWorld War, 1914-1918$xMoral and ethical aspects.
=650  \0$aWorld War, 1914-1918$zUnited States.
=655  \4$aBook
=859  \\$aXLD$bWW1
=852  4\$cDRT$jDigital Store X.709/19299.$aBritish Library$bHMNTS
=985  \\$aCorrected by BSS-generated file for WR# 10/172
=985  \\$aCorrected by MS generated file for WR# 12.037
=985  \\$aEnhanced by MS generated file for WR# 12/139
=985  \\$aEnhanced by MS generated file for WR# 13/021
=985  \\$aEnhanced by MS generated file for WR# 13/054
=CAT  \\$aBATCH-DCW$b00$c20151231$lBLL01$h1503
=FIN  \\$aY$d15123115
=LKR  \\$aPAR$lBLL01$r776$b000432144$mL'intervention américaine; ses motifs, son objet, ses conséquences.$nL'intervention américaine; ses motifs, son objet, ses conséquences.
=DGM  \\$a000432144$bCatBridge variable field
=DRT  \\$aWW1
=SRC  \\$aWW1$bEuropeana_Collections_1914-1918_20140504
=OHC  \\$a1
=LAS  \\$aBATCH-DCW$b00$c20151231$lBLL01$h1503

