=LDR  01740 am a22004813  4500
=001  017685372
=003  Uk
=005  20200626190918.0
=007  cr\mn\024mpada
=008  880907|1917||||enk\\\\|s\\\\\|||\||eng\\
=FMT  \\$a  BK
=019  x\$a1313700312
=040  \\$aUk$cUk
=100  1\$aGREEN, James,$cSenior Chaplain, the Australian Imperial Force.
=245  10$aNews from No Man's Land, etc.
=264  \1$aLondon :$bC. H. Kelly,$c1917.
=300  \\$a144 pages ;$c(8º)
=336  \\$atext$2rdacontent
=337  \\$acomputer$2rdamedia
=338  \\$aonline$2rdacarrier
=650  \0$aWorld War, 1914-1918$xTrench warfare.
=655  \4$aBook
=859  \\$aXLD$bWW1
=852  4\$cDRT$jDigital Store 09082.a.90.$aBritish Library$bHMNTS
=985  \\$aCorrected by BSS-generated file for WR# 11/211
=985  \\$aCorrected by MS generated file for WR# 12.037
=985  \\$aEnhanced by MS generated file for WR# 12/139
=985  \\$aEnhanced by MS generated file for WR# 13/021
=985  \\$aEnhanced by MS generated file for WR# 13/054
=985  \\$aCorrected by MS generated file for WR# 1805-0738
=CAT  \\$aBATCH-DCW$b00$c20151231$lBLL01$h1503
=CAT  \\$aBATCH-RIGH$c20170607$lBLL01$h1816
=CAT  \\$aR1706-1834$c20170629$lBLL01$h1227
=CAT  \\$a1805-0738$c20190104$lBLL01$h1824
=CAT  \\$a1805-0738$b00$c20190104$lBLL01$h1903
=CAT  \\$aW2001-2376$c20200626$lBLL01$h1909
=FIN  \\$aY$d15123115
=LKR  \\$aPAR$lBLL01$r776$b001499276$mNews from No Man's Land, etc.$nNews from No Man's Land, etc.
=DGM  \\$a001499276$bCatBridge variable field
=DRT  \\$aWW1
=SRC  \\$aWW1$bEuropeana_Collections_1914-1918_20140504
=OHC  \\$a1
=LAS  \\$aW2001-2376$b00$c20200626$lBLL01$h1909

