=LDR  01923 as a2200553 a 4500
=001  017685373
=003  Uk
=005  20151231150305.0
=007  cr\mn\024mpada
=007  ta
=008  941206d19161918xx\uu\p\s\\\\\00\\a0eng\\
=FMT  \\$a  SE
=019  c\$a2270811
=019  x\$a0970420013
=040  \\$aUk$cUk
=245  04$aThe B.E.F. times.
=246  30$aBEF times
=264  \1$c1916-1918.
=300  \\$av :$billustrations ;$c(4º)
=336  \\$atext$2rdacontent
=337  \\$acomputer$2rdamedia
=338  \\$aonline$2rdacarrier
=340  \\$m4to$2rdabf
=362  0\$aVol. 1, no. 1 (Dec. 1916)-v. 2, no. 6. (Feb. 26, 1918)
=520  \\$aContains verse, anecdotes and information for soldiers in France.
=595  \\$aCONTINUES 8327.838000N.
=650  \0$aWorld War, 1914-1918$vPeriodicals.
=651  \0$aGreat Britain$xArmed Forces$vPeriodicals.
=710  1\$aGreat Britain.$bArmy.$bBritish Expeditionary Force.
=780  00$tSomme-times
=785  00$tBetter times
=859  \\$aXLD$bWW1
=852  4\$cDRT$jDigital Store P.P.4039.wbg.(1.)$aBritish Library$bHMNTS$3Vol. 1, no. 1 (Dec. 1916)-v. 2, no. 6. (Feb. 26, 1918)
=945  \\$aBEF TIMES.
=963  \\$aVOL. 1, 1916- 2, 1918 *A=1$bN$cWRB.108.1-
=979  \\$aBritish Library$bDSC$j1876.519000N
=985  \\$aCorrected by BSS-generated file for WR# 08/145
=985  \\$aCorrected by MS generated file for WR# 11/211
=985  \\$aCorrected by MS generated file for WR# 1805-0738
=CAT  \\$aBATCH-DCW$b00$c20151231$lBLL01$h1503
=CAT  \\$a1805-0738$c20190104$lBLL01$h1824
=CAT  \\$a1805-0738$b00$c20190104$lBLL01$h1903
=FIN  \\$aY$d15123115
=LKR  \\$aPAR$lBLL01$r776$b001097344$mThe B.E.F. times.$nThe B.E.F. times.
=DGM  \\$a001097344$bCatBridge variable field
=DRT  \\$aWW1
=SRC  \\$aWW1$bEuropeana_Collections_1914-1918_20140504
=OHC  \\$a1
=LAS  \\$a1805-0738$b00$c20190104$lBLL01$h1903

