=LDR  01996 am a22004813  4500
=001  017685398
=003  Uk
=005  20200626190918.0
=007  cr\mn\024mpada
=008  880726|1919||||enk\\\\|s\\\\o|||\||eng\\
=FMT  \\$a  BK
=019  x\$a0964420147
=040  \\$aUk$cUk
=110  1\$aGreat Britain.$bArmy.$bDivision, 7th.
=245  14$aThe Defeat of Austria as seen by the 7th Division ... By ... E. C. Crosse ... With maps and sketches by Sgt E. Luton, etc.
=264  \1$aLondon :$bH. F. W. Deane & Sons,$c1919.
=300  \\$axv, 115 pages ;$c(8º)
=336  \\$atext$2rdacontent
=337  \\$acomputer$2rdamedia
=338  \\$aonline$2rdacarrier
=650  \0$aRegimental histories
=655  \4$aBook
=700  1\$aCROSSE, Ernest Courtenay.
=859  \\$aXLD$bWW1
=886  2\$2blmarc$a709$b00$aCROSSE$hErnest Courtenay$p09082.bb.46.$x0732360110
=852  4\$aBritish Library$bHMNTS$cDRT$jDigital Store 09082.bb.46
=985  \\$aCorrected by BSS-generated file for WR# 08/145
=985  \\$aCorrected by BSS-generated file for WR# 11/216
=985  \\$aEnhanced by MS generated file for WR# 12/139
=985  \\$aCorrected by MS generated file for WR# 1805-0738
=CAT  \\$aBATCH-DCW$b00$c20151231$lBLL01$h1625
=CAT  \\$aBATCH-RIGH$c20170607$lBLL01$h1816
=CAT  \\$aR1706-1834$c20170629$lBLL01$h1227
=CAT  \\$a1805-0738$c20190104$lBLL01$h1824
=CAT  \\$a1805-0738$b00$c20190104$lBLL01$h1903
=CAT  \\$aW2001-2376$c20200626$lBLL01$h1909
=FIN  \\$aY$d15123116
=LKR  \\$aPAR$lBLL01$r776$b001094748$mThe Defeat of Austria as seen by the 7th Division ... By ... E. C. Crosse ... With maps and sketches by Sgt E. Luton, etc.$nThe Defeat of Austria as seen by the 7th Division ... By ... E. C. Crosse ... With maps and sketches by Sgt E. Luton, etc.
=DGM  \\$a001094748$bCatBridge variable field
=DRT  \\$aWW1
=SRC  \\$aWW1$bEuropeana_Collections_1914-1918_20151231
=OHC  \\$a1
=LAS  \\$aW2001-2376$b00$c20200626$lBLL01$h1909

