=LDR  01697 am a2200469 a 4500
=001  017685399
=003  Uk
=005  20200626190918.0
=007  cr\mn\024mpada
=008  880726s1925\\\\stkabcf\s\\\\\001\0deng\\
=FMT  \\$a  BK
=019  u\$aG11003743
=019  x\$a0964430045
=040  \\$aUk$cUk$dUk
=100  1\$aSandilands, Harold Richard.
=245  14$aThe 23rd Division, 1914-1919 /$cby Lieut.-Colonel H.R. Sandilands.
=264  \1$aEdinburgh & London :$bW. Blackwood & Sons,$c1925.
=300  \\$ax, 389 pages :$billustrations, maps, portraits ;$c(4º)
=336  \\$atext$2rdacontent
=337  \\$acomputer$2rdamedia
=338  \\$aonline$2rdacarrier
=610  10$aGreat Britain.$bArmy.$bDivision, 23rd.
=650  \0$aRegimental histories
=650  \0$aWorld War, 1914-1918$xCampaigns$zWestern Front.
=650  \0$aWorld War, 1914-1918$xRegimental histories$zGreat Britain.
=655  \4$abook
=859  \\$aXLD$bWW1
=852  4\$aBritish Library$bHMNTS$cDRT$jDigital Store 9083.c.2
=985  \\$aCorrected by MS generated file for WR# 1805-0738
=CAT  \\$aBATCH-DCW$b00$c20151231$lBLL01$h1632
=CAT  \\$aBATCH-RIGH$c20170607$lBLL01$h1816
=CAT  \\$aR1706-1834$c20170629$lBLL01$h1227
=CAT  \\$a1805-0738$c20190104$lBLL01$h1824
=CAT  \\$a1805-0738$b00$c20190104$lBLL01$h1903
=CAT  \\$aW2001-2376$c20200626$lBLL01$h1909
=FIN  \\$aY$d15123116
=LKR  \\$aPAR$lBLL01$r776$b001094763$mThe 23rd Division, 1914-1919 /$nThe 23rd Division, 1914-1919 /
=DGM  \\$a001094763$bCatBridge variable field
=DRT  \\$aWW1
=SRC  \\$aWW1$bEuropeana_Collections_1914-1918_20151231
=OHC  \\$a2
=LAS  \\$aW2001-2376$b00$c20200626$lBLL01$h1909

