=LDR  02066cam a2200397uu 4500
=001  017685402
=003  Uk
=005  20220218142208.0
=007  cr\mn\024mpada
=008  040419s1920\\\\xx\bd\\|s\\\\\000\||eng\\
=FMT  \\$a  BK
=019  u\$aG10704952
=040  \\$aUk$cUk$dUk
=100  1\$aHunter, William,$d1861-1937.
=245  14$aThe Serbian epidemics of typhus and relapsing fever in 1915 :$btheir origin, course, and preventive measures employed for their arrest : (an aetiological and preventive study based on records of British Military Sanitary Mission to Serbia, 1915) /$cby William Hunter, C.B., Colonel A.M.S. (With maps and charts.)
=246  14$aSerbian epidemics of typhus & relapsing fever in 1915
=260  \\$aLondon :$bJohn Bale, Sons & Danielson, Ltd.,$c1920.
=300  \\$aPages [29]-[158] :$bmaps, charts.
=336  \\$atext$2rdacontent
=337  \\$acomputer$2rdamedia
=338  \\$aonline$2rdacarrier
=859  \\$aXLD$bWW1
=852  4\$cDRT$jDigital Store Wf1/4919$aBritish Library$bDSC
=CAT  \\$aBATCH-DCW$b00$c20151231$lBLL01$h1640
=CAT  \\$aBATCH-RIGH$c20170607$lBLL01$h1816
=CAT  \\$aR1706-1834$c20170629$lBLL01$h1227
=CAT  \\$a8250$b40$c20220218$lBLL01$h1421
=CAT  \\$a8250$b40$c20220218$lBLL01$h1422
=CAT  \\$a8250$b40$c20220218$lBLL01$h1422
=FIN  \\$aY$d15123116
=LKR  \\$aPAR$lBLL01$r776$b011498850$mThe Serbian epidemics of typhus and relapsing fever in 1915 : their origin, course, and preventive measures employed for their arrest : (an aetiological and preventive study based on records of British Military Sanitary Mission to Serbia, 1915) /$nThe Serbian epidemics of typhus and relapsing fever in 1915 : their origin, course, and preventive measures employed for their arrest : (an aetiological and preventive study based on records of British Military Sanitary Mission to Serbia, 1915) /
=DGM  \\$a011498850$bCatBridge variable field
=DRT  \\$aWW1
=SRC  \\$aWW1$bEuropeana_Collections_1914-1918_20151231
=OHC  \\$a1
=LAS  \\$a8250$b40$c20220218$lBLL01$h1422

