=LDR  02092 am a22004573  4500
=001  017685408
=003  Uk
=005  20200626190918.0
=007  cr\mn\024mpada
=008  880629|1914||||enk\\\\|s\\\\o|||\||eng\\
=FMT  \\$a  BK
=019  x\$a0990700178
=040  \\$aUk$cUk
=110  1\$aGreat Britain.$bWar Office.$bGeneral Staff.
=245  14$aThe Operations of Large Formations-Conduite des grandes unités. Translated from the Field Service Regulations of the French Army ... Translated by the General Staff, War Office.
=264  \1$aLondon,$c1914.
=300  \\$a53 pages ;$c(8º)
=336  \\$atext$2rdacontent
=337  \\$acomputer$2rdamedia
=338  \\$aonline$2rdacarrier
=650  \0$aWorld War, 1914-1918$zFrance
=655  \4$aOfficial document
=710  1\$aFrance.$bArmée.
=859  \\$aXLD$bWW1
=886  2\$2blmarc$a709$b00$aFRANCE$dDepartments of State and Other Official Bodies$dArmy$p8825.bbb.49.$x1133520006
=852  4\$cDRT$jDigital Store 8825.bbb.49.$aBritish Library$bHMNTS
=985  \\$aCorrected by BSS-generated file for WR# 11/031
=985  \\$aCorrected by MS generated file for WR# 12.037
=985  \\$aEnhanced by MS generated file for WR# 12/139
=985  \\$aCorrected by MS generated file for WR# 1805-0738
=CAT  \\$aBATCH-DCW$b00$c20151231$lBLL01$h1717
=CAT  \\$a1805-0738$c20190104$lBLL01$h1824
=CAT  \\$a1805-0738$b00$c20190104$lBLL01$h1903
=CAT  \\$aW2001-2376$c20200626$lBLL01$h1909
=FIN  \\$aY$d15123116
=LKR  \\$aPAR$lBLL01$r776$b001121735$mThe Operations of Large Formations-Conduite des grandes unités. Translated from the Field Service Regulations of the French Army ... Translated by the General Staff, War Office.$nThe Operations of Large Formations-Conduite des grandes unités. Translated from the Field Service Regulations of the French Army ... Translated by the General Staff, War Office.
=DGM  \\$a001121735$bCatBridge variable field
=DRT  \\$aWW1
=SRC  \\$aWW1$bEuropeana_Collections_1914-1918_20151231
=OHC  \\$a1
=LAS  \\$aW2001-2376$b00$c20200626$lBLL01$h1909

