=LDR  01557 em a2200445ua 4500
=001  017685411
=003  Uk
=005  20151231172505.0
=007  cr\mn\024mpada
=007  a|||||||
=008  000915s1920\\\\enk||||||\u\\||s|\||eng\\
=FMT  \\$a  MP
=019  4\$am700019170
=034  1\$aa$b3000000
=040  \\$aUk$cUk
=052  7\$a912.496$2ddc
=110  2\$aEstates Gazette (Firm)
=245  10$aEthnographical map reproduced from the Balkan Peninsula by prof. Jovan Cvijic.
=255  \\$aScale 1:3 000 000.
=260  \\$aLondon :$bEstates Gazette,$c1920.
=300  \\$a1 map :$bcol.
=336  \\$acartographic image$2rdacontent
=337  \\$acomputer$2rdamedia
=338  \\$aonline$2rdacarrier
=650  \0$aWorld War, 1914-1918
=650  \0$aWorld War, 1914-1918$xCampaigns$zBalkan Peninsula
=651  \7$aBalkan Peninsula.$xEthnography -$vmaps and charts$y1920.$2blmlsh
=655  \4$aMap
=859  \\$aXLD$bWW1
=852  4\$cDRT$jDigital Store Maps X.4391.$aBritish Library$bMAPS
=957  \\$aNDd
=985  \\$aCorrected by MS generated file for WR# 12.037
=CAT  \\$aBATCH-DCW$b00$c20151231$lBLL01$h1725
=FIN  \\$aY$d15123116
=LKR  \\$aPAR$lBLL01$r776$b004989500$mEthnographical map reproduced from the Balkan Peninsula by prof. Jovan Cvijic.$nEthnographical map reproduced from the Balkan Peninsula by prof. Jovan Cvijic.
=DGM  \\$a004989500$bCatBridge variable field
=DRT  \\$aWW1
=SRC  \\$aWW1$bEuropeana_Collections_1914-1918_20151231
=OHC  \\$a1
=LAS  \\$aBATCH-DCW$b00$c20151231$lBLL01$h1725

