=LDR  01841 am a22004933  4500
=001  017718449
=003  Uk
=005  20200626191013.0
=007  cr\mn\024mpada
=008  960207|1917||||enk\\\\|s\\\\o|||\||eng\\
=FMT  \\$a  BK
=019  x\$a0990640264
=040  \\$aUk$cUk
=110  1\$aGreat Britain.$bWar Office.
=245  10$aWar Drawings. By Muirhead Bone, etc. (Edition de luxe.).
=264  \1$aLondon,$c1917-1918.
=300  \\$a6 parts ;$c(folio)
=336  \\$atext$2rdacontent
=337  \\$acomputer$2rdamedia
=338  \\$aonline$2rdacarrier
=650  \0$aWorld War, 1914-1918$vArt and the war
=655  \4$aBook
=700  1\$aBone, Muirhead,$cSir,$d1876-1953.
=859  \\$aXLD$bWW1
=886  2\$2blmarc$a709$b00$aBONE$eSir$hMuirhead$p14000.ee.7.$x0371250188
=852  4\$cDRT$jDigital Store 14000.ee.7.$aBritish Library$bHMNTS
=985  \\$aCorrected by MS generated file for WR# 12.037
=985  \\$aEnhanced by MS generated file for WR# 12/139
=985  \\$aEnhanced by MS generated file for WR# 13/021
=985  \\$aEnhanced by MS generated file for WR# 13/054
=985  \\$aCorrected by MS generated file for WR# 1805-0738
=CAT  \\$aBATCH-DCW$b00$c20160126$lBLL01$h1731
=CAT  \\$aBATCH-RIGH$c20170607$lBLL01$h1816
=CAT  \\$aR1706-1834$c20170629$lBLL01$h1227
=CAT  \\$a1805-0738$c20190104$lBLL01$h1825
=CAT  \\$a1805-0738$b00$c20190104$lBLL01$h1905
=CAT  \\$aW2001-2376$c20200626$lBLL01$h1910
=FIN  \\$aY$d16012617
=LKR  \\$aPAR$lBLL01$r776$b001121549$mWar Drawings. By Muirhead Bone, etc. (Edition de luxe.).$nWar Drawings. By Muirhead Bone, etc. (Edition de luxe.).
=DGM  \\$a001121549$bCatBridge variable field
=DRT  \\$aWW1
=SRC  \\$aWW1$bEuropeana_Collections_1914-1918_20160126
=OHC  \\$a1
=LAS  \\$aW2001-2376$b00$c20200626$lBLL01$h1910

