=LDR  01928 am a22004693  4500
=001  016506016
=003  Uk
=005  20200626182902.0
=007  cr\mn\024mpada
=008  900301|1916||||at\\\\\|s\\\\\|||\||eng\\
=FMT  \\$a  BK
=019  x\$a2944420070
=040  \\$aUk$cUk
=100  1\$aSCHULER, Phillip F. E.
=245  14$aThe Battlefields of Anzac. A ... series of views depicting the heroism of our gallant Anzac boys on the field of battle. [With a map.]
=264  \1$aMelbourne :$bOsboldstone & Co,$c[1916]
=300  \\$c(oblong 8º)
=336  \\$atext$2rdacontent
=337  \\$acomputer$2rdamedia
=338  \\$aonline$2rdacarrier
=650  \0$aWorld War, 1914-1918.
=655  \4$aBook
=859  \\$aXLD$bWW1
=852  \\$aBritish Library$bHMNTS$cDRT$jDigital Store 9080.e.27.
=985  \\$aCorrected by BSS-generated file for WR# 11/211
=985  \\$aCorrected by MS generated file for WR# 12.037
=985  \\$aEnhanced by MS generated file for WR# 12/139
=985  \\$aCorrected by MS generated file for WR# 1805-0738
=CAT  \\$aBATCH-DCW$b00$c20130927$lBLL01$h1448
=CAT  \\$a12240$b40$c20131008$lBLL01$h1557
=CAT  \\$aWR14.046$c20140417$lBLL01$h1725
=CAT  \\$aWR13.144/5$c20140418$lBLL01$h1047
=CAT  \\$a1805-0738$c20181228$lBLL01$h1833
=CAT  \\$a1805-0738$b00$c20181228$lBLL01$h1918
=CAT  \\$aW2001-2376$c20200626$lBLL01$h1829
=FIN  \\$aY$d20130927
=LKR  \\$aPAR$lBLL01$r776$b003300835$mThe Battlefields of Anzac. A ... series of views depicting the heroism of our gallant Anzac boys on the field of battle. [With a map.]$nThe Battlefields of Anzac. A ... series of views depicting the heroism of our gallant Anzac boys on the field of battle. [With a map.]
=DGM  \\$a003300835$bCatBridge variable field
=DRT  \\$aWW1
=SRC  \\$aWW1$bEuropeana_Collections_1914-1918_20130927_1
=OHC  \\$a1
=LAS  \\$aW2001-2376$b00$c20200626$lBLL01$h1829

