=LDR  01726 am a22004813  4500
=001  016519019
=003  Uk
=005  20200626182905.0
=007  cr\mn\024mpada
=008  880218|1914||||enk\\\\|s\\\\\|||\||eng\\
=FMT  \\$a  BK
=019  x\$a0184550270
=040  \\$aUk$cUk
=100  1\$aBARCLAY, Florence Louisa Charlesworth.
=245  10$aMy Heart's Right There.
=264  \1$aLondon ;$aNew York :$bG. P. Putnam's Sons,$c1914.
=300  \\$a60 pages ;$c(8º)
=336  \\$atext$2rdacontent
=337  \\$acomputer$2rdamedia
=338  \\$aonline$2rdacarrier
=650  \0$aWorld War, 1914-1918$xLiterature and the war.
=655  \4$aBook
=859  \\$aXLD$bWW1
=852  4\$cDRT$jDigital Store 012704.i.54.$aBritish Library$bHMNTS
=985  \\$aCorrected by BSS-generated file for WR# 11/211
=985  \\$aCorrected by MS generated file for WR# 12.037
=985  \\$aEnhanced by MS generated file for WR# 12/139
=985  \\$aEnhanced by MS generated file for WR# 13/021
=985  \\$aEnhanced by MS generated file for WR# 13/054
=985  \\$aCorrected by MS generated file for WR# 1805-0738
=CAT  \\$aBATCH-DCW$b00$c20131013$lBLL01$h1746
=CAT  \\$aWR14.046$c20140417$lBLL01$h1725
=CAT  \\$aWR13.144/5$c20140418$lBLL01$h1048
=CAT  \\$a1805-0738$c20181228$lBLL01$h1834
=CAT  \\$a1805-0738$b00$c20181228$lBLL01$h1918
=CAT  \\$aW2001-2376$c20200626$lBLL01$h1829
=FIN  \\$aY$d20131013
=LKR  \\$aPAR$lBLL01$r776$b000197485$mMy Heart's Right There.$nMy Heart's Right There.
=DGM  \\$a000197485$bCatBridge variable field
=DRT  \\$aWW1
=SRC  \\$aWW1$bEuropeana_Collections_1914-1918_20131001_1
=OHC  \\$a1
=LAS  \\$aW2001-2376$b00$c20200626$lBLL01$h1829

