=LDR  02411 am a22005413  4500
=001  016519020
=003  Uk
=005  20200626182906.0
=007  cr\mn\024mpada
=008  950426|1919||||fr\\\\\|s\\\\||||\||eng\\
=FMT  \\$a  BK
=019  x\$a298236008X
=040  \\$aUk$cUk
=240  10$aMiscellaneous Public Documents
=245  10$aLe Traitement des prisonniers et des blessés par les Austro-Germano-Bulgares. Résultats de l'enquête exécutée sur le front de Salonique par le Dr. R. A. Reiss.
=264  \1$aParis,$c1919.
=300  \\$a91 pages ;$c(8º)
=336  \\$atext$2rdacontent
=337  \\$acomputer$2rdamedia
=338  \\$aonline$2rdacarrier
=650  \0$aWorld War, 1914-1918.
=655  \4$aBook
=700  1\$aReiss, R. A.$q(Rodolphe Archibald),$d1875-1929.
=720  \\$aSERBIA [Kingdom of Serbia]$emain entry
=886  2\$2blmarc$a709$b00$aREISS$hRodolphe Archibald$p9082.cc.7.$x2731240016
=859  \\$aXLD$bWW1
=852  4\$cDRT$jDigital Store 9082.cc.7.$aBritish Library$bHMNTS
=985  \\$aCorrected by BSS-generated file for WR# 11/031
=985  \\$aCorrected by MS generated file for WR# 12.037
=985  \\$aEnhanced by MS generated file for WR# 12/139
=985  \\$aEnhanced by MS generated file for WR# 13/021
=985  \\$aEnhanced by MS generated file for WR# 13/054
=985  \\$aCorrected by MS generated file for WR# 1805-0738
=CAT  \\$aBATCH-DCW$b00$c20131013$lBLL01$h1752
=CAT  \\$aBATCH-DCW$b00$c20140120$lBLL01$h0140
=CAT  \\$aWR14.046$c20140417$lBLL01$h1725
=CAT  \\$aWR13.144/5$c20140418$lBLL01$h1048
=CAT  \\$a1805-0738$c20181228$lBLL01$h1834
=CAT  \\$a1805-0738$b00$c20181228$lBLL01$h1918
=CAT  \\$aW2001-2376$c20200626$lBLL01$h1829
=FIN  \\$aY$d20131013
=LKR  \\$aPAR$lBLL01$r776$b003339144$mLe Traitement des prisonniers et des blessés par les Austro-Germano-Bulgares. Résultats de l'enquête exécutée sur le front de Salonique par le Dr. R. A. Reiss.$nLe Traitement des prisonniers et des blessés par les Austro-Germano-Bulgares. Résultats de l'enquête exécutée sur le front de Salonique par le Dr. R. A. Reiss.
=DGM  \\$a003339144$bCatBridge variable field
=DRT  \\$aWW1
=SRC  \\$aWW1$bEuropeana_Collections_1914-1918_20131002_1
=SRC  \\$aWW1$bEuropeana_Collections_1914-1918_20140109
=OHC  \\$a1
=LAS  \\$aW2001-2376$b00$c20200626$lBLL01$h1829

