=LDR  02532 am a22006013  4500
=001  016519023
=003  Uk
=005  20200626182906.0
=007  cr\mn\024mpada
=008  880209|1918||||enk\\\\|s\\\\o|||\||eng\\
=FMT  \\$a  BK
=019  x\$a0523080247
=040  \\$aUk$cUk
=110  2\$aCanadian War Records Office.
=245  10$aThirty Canadian V. Cs., 23 April 1915 to 30th March 1918;$ccomp. by the Canadian war records office.
=264  \1$aLondon :$bSkeffington & Son,$c[1918]
=300  \\$a96 pages ;$c(8º)
=336  \\$atext$2rdacontent
=337  \\$acomputer$2rdamedia
=338  \\$aonline$2rdacarrier
=500  \\$a"The author's royalties of this book are devoted to the Canadian memorials fund."
=500  \\$a"These narratives are the work of three members of the Canadian war records office, Captain Theodore Goodridge Roberts ... Private Robin Richards ... and Private Stuart Martin."--Editor's note, p. [3].
=650  \0$aRegimental histories.
=650  \0$aVictoria Cross.
=650  \0$aWorld War, 1914-1918$xTrench warfare.
=650  \0$aWorld War, 1914-1918$zCanada.
=655  \4$aBook
=700  1\$aMartin, Stuart$c(Soldier),$ejoint author.
=700  1\$aRichards, Robin,$ejoint author.
=700  1\$aRoberts, Theodore Goodridge,$d1877-1953.
=859  \\$aXLD$bWW1
=852  4\$cDRT$jDigital Store 010803.df.13.$aBritish Library$bHMNTS
=985  \\$aCorrected by BSS-generated file for WR# 11/211
=985  \\$aCorrected by MS generated file for WR# 12.037
=985  \\$aEnhanced by MS generated file for WR# 12/139
=985  \\$aEnhanced by MS generated file for WR# 13/021
=985  \\$aEnhanced by MS generated file for WR# 13/054
=985  \\$aCorrected by MS generated file for WR# 1805-0738
=CAT  \\$aBATCH-DCW$b00$c20131013$lBLL01$h1754
=CAT  \\$aWR14.046$c20140417$lBLL01$h1725
=CAT  \\$aWR13.144/5$c20140418$lBLL01$h1048
=CAT  \\$a7416$b40$c20160121$lBLL01$h1641
=CAT  \\$a5194$b40$c20170216$lBLL01$h1436
=CAT  \\$a1805-0738$c20181228$lBLL01$h1834
=CAT  \\$a1805-0738$b00$c20181228$lBLL01$h1918
=CAT  \\$aW2001-2376$c20200626$lBLL01$h1829
=FIN  \\$aY$d20131013
=LKR  \\$aPAR$lBLL01$r776$b000588994$mThirty Canadian V. Cs., 23 April 1915 to 30th March 1918;$nThirty Canadian V. Cs., 23 April 1915 to 30th March 1918;
=DGM  \\$a000588994$bCatBridge variable field
=DRT  \\$aWW1
=SRC  \\$aWW1$bEuropeana_Collections_1914-1918_20131003_1
=OHC  \\$a1
=LAS  \\$aW2001-2376$b00$c20200626$lBLL01$h1829

