=LDR  02489 am a22005773  4500
=001  016519024
=003  Uk
=005  20200626182906.0
=007  cr\mn\024mpada
=008  880209|1918||||enk\\\\|s\\\\o|||\||eng\\
=FMT  \\$a  BK
=019  x\$a0523080255
=040  \\$aUk$cUk
=100  1\$aAdami, J. George$q(John George),$d1862-1926.
=245  10$aWar Story of the Canadian Army Medical Corps. By J. George Adami. [With maps.]
=264  \1$aLondon,$c[1918]
=300  \\$av. 1. (286 pages) :$bfront. (portrait), maps ;$c19 cm. (8º)
=336  \\$atext$2rdacontent
=337  \\$acomputer$2rdamedia
=338  \\$aonline$2rdacarrier
=500  \\$aNo more published.
=610  10$aCanada.$bCanadian Army.$bRoyal Canadian Army Medical Corps$xField organization.
=610  10$aCanada.$bCanadian Army.$bRoyal Canadian Army Medical Corps$xHistory.
=650  \0$aRegimental histories.
=650  \0$aWorld War, 1914-1918$xHealth aspects.
=650  \0$aWorld War, 1914-1918$xMedical care$zCanada.
=650  \0$aWorld War, 1914-1918$xMedical care.
=655  \4$aBook
=710  1\$aCANADA.$bArmy.$bRoyal Canadian Army Medical Corps.
=859  \\$aXLD$bWW1
=886  2\$2blmarc$a709$b00$aADAMI$hJohn George$p9084.b.21.$x0021410321
=886  2\$2blmarc$a709$b00$aCANADA$dDepartments of State and Official Bodies$dArmy$dRoyal Canadian Army Medical Corps$p9084.b.21.$x052311009X
=852  4\$cDRT$jDigital Store 9084.b.21.$aBritish Library$bHMNTS
=985  \\$aCorrected by MS generated file for WR# 12.037
=985  \\$aEnhanced by MS generated file for WR# 12/139
=985  \\$aEnhanced by MS generated file for WR# 13/021
=985  \\$aEnhanced by MS generated file for WR# 13/054
=985  \\$aCorrected by MS generated file for WR# 1805-0738
=CAT  \\$aBATCH-DCW$b00$c20131013$lBLL01$h1754
=CAT  \\$aWR14.046$c20140417$lBLL01$h1725
=CAT  \\$aWR13.144/5$c20140418$lBLL01$h1048
=CAT  \\$a1805-0738$c20181228$lBLL01$h1834
=CAT  \\$a1805-0738$b00$c20181228$lBLL01$h1918
=CAT  \\$aW2001-2376$c20200626$lBLL01$h1829
=FIN  \\$aY$d20131013
=LKR  \\$aPAR$lBLL01$r776$b000588995$mWar Story of the Canadian Army Medical Corps. By J. George Adami. [With maps.]$nWar Story of the Canadian Army Medical Corps. By J. George Adami. [With maps.]
=DGM  \\$a000588995$bCatBridge variable field
=DRT  \\$aWW1
=SRC  \\$aWW1$bEuropeana_Collections_1914-1918_20131003_1
=OHC  \\$a1
=LAS  \\$aW2001-2376$b00$c20200626$lBLL01$h1829

