=LDR  01855 am a22004813  4500
=001  016519025
=003  Uk
=005  20200626182906.0
=007  cr\mn\024mpada
=008  880209|1916||||xxc\\\\|s\\\\o|||\||eng\\
=FMT  \\$a  BK
=019  x\$a0523110014
=040  \\$aUk$cUk
=110  1\$aCANADA.$bArmy.$b78th Battalion (Winnipeg Grenadiers)
=245  10$a78th Overseas Battalion, Winnipeg Grenadiers. [Photographs of officers and men.]
=264  \1$aWinnipeg,$c[1916]
=300  \\$a35 pages ;$c(oblong 4º)
=336  \\$atext$2rdacontent
=337  \\$acomputer$2rdamedia
=338  \\$aonline$2rdacarrier
=650  \0$aRegimental histories.
=650  \0$aWorld War, 1914-1918$xTrench warfare.
=655  \4$aBook
=859  \\$aXLD$bWW1
=852  4\$cDRT$jDigital Store Cup.1247.n.40.$aBritish Library$bHMNTS
=985  \\$aCorrected by MS generated file for WR# 12.037
=985  \\$aEnhanced by MS generated file for WR# 12/139
=985  \\$aEnhanced by MS generated file for WR# 13/021
=985  \\$aEnhanced by MS generated file for WR# 13/054
=985  \\$aCorrected by MS generated file for WR# 1805-0738
=CAT  \\$aBATCH-DCW$b00$c20131013$lBLL01$h1754
=CAT  \\$aWR14.046$c20140417$lBLL01$h1725
=CAT  \\$aWR13.144/5$c20140418$lBLL01$h1048
=CAT  \\$a1805-0738$c20181228$lBLL01$h1834
=CAT  \\$a1805-0738$b00$c20181228$lBLL01$h1918
=CAT  \\$aW2001-2376$c20200626$lBLL01$h1829
=FIN  \\$aY$d20131013
=LKR  \\$aPAR$lBLL01$r776$b000589044$m78th Overseas Battalion, Winnipeg Grenadiers. [Photographs of officers and men.]$n78th Overseas Battalion, Winnipeg Grenadiers. [Photographs of officers and men.]
=DGM  \\$a000589044$bCatBridge variable field
=DRT  \\$aWW1
=SRC  \\$aWW1$bEuropeana_Collections_1914-1918_20131003_1
=OHC  \\$a1
=LAS  \\$aW2001-2376$b00$c20200626$lBLL01$h1829

