=LDR  02003 am a22004813  4500
=001  016519026
=003  Uk
=005  20200626182906.0
=007  cr\mn\024mpada
=008  900301|1916||||enk\\\\|s\\\\\|||\||eng\\
=FMT  \\$a  BK
=019  x\$a2944420062
=040  \\$aUk$cUk
=100  1\$aSCHULER, Phillip F. E.
=245  10$aAustralia in Arms: a narrative of the Australasian Imperial Force and their achievement at Anzac ... With 9 maps and 53 illustrations.
=264  \1$aLondon :$bT. Fisher Unwin,$c1916.
=300  \\$a328 pages ;$c(8º)
=336  \\$atext$2rdacontent
=337  \\$acomputer$2rdamedia
=338  \\$aonline$2rdacarrier
=650  \0$aWorld War, 1914-1918.
=655  \4$aBook
=859  \\$aXLD$bWW1
=852  \\$aBritish Library$bHMNTS$cDRT$jDigital Store 9082.ee.27.
=985  \\$aCorrected by BSS-generated file for WR# 11/211
=985  \\$aCorrected by MS generated file for WR# 12.037
=985  \\$aEnhanced by MS generated file for WR# 12/139
=985  \\$aEnhanced by MS generated file for WR# 13/021
=985  \\$aEnhanced by MS generated file for WR# 13/054
=985  \\$aCorrected by MS generated file for WR# 1805-0738
=CAT  \\$aBATCH-DCW$b00$c20131013$lBLL01$h1754
=CAT  \\$aWR14.046$c20140417$lBLL01$h1725
=CAT  \\$aWR13.144/5$c20140418$lBLL01$h1048
=CAT  \\$a1805-0738$c20181228$lBLL01$h1834
=CAT  \\$a1805-0738$b00$c20181228$lBLL01$h1918
=CAT  \\$aW2001-2376$c20200626$lBLL01$h1829
=FIN  \\$aY$d20131013
=LKR  \\$aPAR$lBLL01$r776$b003300834$mAustralia in Arms: a narrative of the Australasian Imperial Force and their achievement at Anzac ... With 9 maps and 53 illustrations.$nAustralia in Arms: a narrative of the Australasian Imperial Force and their achievement at Anzac ... With 9 maps and 53 illustrations.
=DGM  \\$a003300834$bCatBridge variable field
=DRT  \\$aWW1
=SRC  \\$aWW1$bEuropeana_Collections_1914-1918_20131003_1
=OHC  \\$a1
=LAS  \\$aW2001-2376$b00$c20200626$lBLL01$h1829

