=LDR  01707 am a22003613  4500
=001  016519027
=003  Uk
=005  20131013175828.0
=007  cr\mn\024mpada
=008  070011s1917\\\\enk||||\s\\\\\|||\||eng\\
=FMT  \\$a  BK
=040  \\$aUk$beng$cUk
=100  1\$aMendonca, Henriquelopes de.
=245  10$aMoral aspects of the European War :$ba lecture delivered under the auspices of the Nucleu de Propaganda Pro-Alliados at the Academia de Estudos Libres on the 13th May, 1977 /$cby Henrique Lopes de Mendonca, Associate Academia das Sciencias de Lisboa.
=260  \\$aLondon :$bT Fisher Unwin Ltd,$c1917.
=336  \\$atext$2rdacontent
=337  \\$acomputer$2rdamedia
=338  \\$aonline$2rdacarrier
=650  \0$aWorld War, 1914-1918$xMoral and ethical aspects.
=655  \4$aPoem
=859  \\$aXLD$bWW1
=852  4\$cDRT$jDigital Store W72/9323$aBritish Library$bDSC
=985  \\$aCorrected by MS generated file for WR# 12.037
=CAT  \\$aBATCH-DCW$b00$c20131013$lBLL01$h1758
=CAT  \\$aWR14.046$c20140417$lBLL01$h1725
=CAT  \\$aWR13.144/5$c20140418$lBLL01$h1048
=FIN  \\$aY$d20131013
=LKR  \\$aPAR$lBLL01$r776$b014286022$mMoral aspects of the European War : a lecture delivered under the auspices of the Nucleu de Propaganda Pro-Alliados at the Academia de Estudos Libres on the 13th May, 1977 /$nMoral aspects of the European War : a lecture delivered under the auspices of the Nucleu de Propaganda Pro-Alliados at the Academia de Estudos Libres on the 13th May, 1977 /
=DGM  \\$a014286022$bCatBridge variable field
=DRT  \\$aWW1
=SRC  \\$aWW1$bEuropeana_Collections_1914-1918_20131004_1
=OHC  \\$a1
=LAS  \\$aWR13.144/5$b00$c20140418$lBLL01$h1048

