=LDR  02205 am a2200505 a 4500
=001  016519028
=003  Uk
=005  20131013175828.0
=007  cr\mn\024mpada
=008  000112s1911\\\\enk\\\\\s\\\\\000\0\eng\d
=FMT  \\$a  BK
=035  \\$a(UK-CovUW)b17464420
=038  \\$aUkLCURL
=040  \\$aUk$beng$cUk
=042  \\$aukblsr
=100  10$aGould, Frederick James,$d1855-1938.
=245  14$aThe peace movement among the young :$bpositive methods of teaching : a paper presented to the Educational Conference of the Seventh National Peace Congress, Edinburgh, 1911 /$cby F.J. Gould.
=260  \\$aLondon :$bNational Peace Council,$c[1911]
=300  \\$a7 p. ;$c22 cm.
=336  \\$atext$2rdacontent
=337  \\$acomputer$2rdamedia
=338  \\$aonline$2rdacarrier
=490  0\$aNational Peace Council educational series ;$vNo. 3
=500  \\$aTitle from cover.
=650  \0$aConscientious objection.
=650  \0$aPeace movements$zGreat Britain.
=650  \0$aYouth and peace$zGreat Britain.
=655  \4$aPamphlet
=710  2\$aNational Peace Congress.$bEducational Conference$n(7th :$d1911 :$cEdinburgh)
=859  \\$aXLD$bWW1
=852  4\$cDRT$jDigital Store YD.2009.a.6340$aBritish Library$bHMNTS
=985  \\$aCorrected by MS generated file for WR# 12.037
=CAT  \\$aBATCH-DCW$b00$c20131013$lBLL01$h1758
=CAT  \\$aWR14.046$c20140417$lBLL01$h1725
=CAT  \\$aWR13.144/5$c20140418$lBLL01$h1048
=CAT  \\$aBATCH-UPD$b00$c20150520$lBLL01$h1028
=CAT  \\$aBATCH-RIGH$c20170607$lBLL01$h1816
=CAT  \\$aR1706-1834$c20170629$lBLL01$h1227
=FIN  \\$aY$d20131013
=LKR  \\$aPAR$lBLL01$r776$b015374206$mThe peace movement among the young : positive methods of teaching : a paper presented to the Educational Conference of the Seventh National Peace Congress, Edinburgh, 1911 /$nThe peace movement among the young : positive methods of teaching : a paper presented to the Educational Conference of the Seventh National Peace Congress, Edinburgh, 1911 /
=DGM  \\$a015374206$bCatBridge variable field
=DRT  \\$aWW1
=SRC  \\$aWW1$bEuropeana_Collections_1914-1918_20131004_1
=OHC  \\$a1
=LAS  \\$aR1706-1834$b00$c20170629$lBLL01$h1227

