=LDR  01558 am a2200433 a 4500
=001  016519029
=003  Uk
=005  20131013175828.0
=007  cr\mn\024mpada
=008  110705s1916\\\\enk\\\\\s\\\\\000\0\eng\\
=FMT  \\$a  BK
=040  \\$aUk$beng$cUk$dUk
=042  \\$aukblsr
=082  04$a343.4101$223
=100  1\$aSnowden, Philip Snowden,$cViscount,$d1864-1937.
=245  14$aThe Military Service Act :$bfully and clearly explained /$cby Philip Snowden.
=260  \\$aManchester :$bNational Labour Press Limited,$c[1916?]
=300  \\$a15 p. ;$c21 cm.
=336  \\$atext$2rdacontent
=337  \\$acomputer$2rdamedia
=338  \\$aonline$2rdacarrier
=500  \\$aCover title.
=650  \0$aMilitary law$zGreat Britain.
=650  \0$aWorld War, 1914-1918$xMoral and ethical aspects.
=655  \4$aPamphlet
=710  2\$aNational Labour Press Limited.
=859  \\$aXLD$bWW1
=852  4\$cDRT$jDigital Store YD.2011.a.4791$aBritish Library$bHMNTS
=985  \\$aCorrected by MS generated file for WR# 12.037
=CAT  \\$aBATCH-DCW$b00$c20131013$lBLL01$h1758
=CAT  \\$aWR14.046$c20140417$lBLL01$h1725
=CAT  \\$aWR13.144/5$c20140418$lBLL01$h1048
=FIN  \\$aY$d20131013
=LKR  \\$aPAR$lBLL01$r776$b015840286$mThe Military Service Act : fully and clearly explained /$nThe Military Service Act : fully and clearly explained /
=DGM  \\$a015840286$bCatBridge variable field
=DRT  \\$aWW1
=SRC  \\$aWW1$bEuropeana_Collections_1914-1918_20131004_1
=OHC  \\$a1
=LAS  \\$aWR13.144/5$b00$c20140418$lBLL01$h1048

