=LDR  01205 am a2200361uu 4500
=001  016519030
=003  Uk
=005  20131013180137.0
=007  cr\mn\024mpada
=008  040420s1918\\\\xxu\\\\|s\\\\\000\||eng\\
=FMT  \\$a  BK
=019  u\$aG11040444
=040  \\$aUk$cUk
=100  1\$aSmith, Munroe.
=245  10$aGerman Land Hunger and other underlying causes of the war /$cMunroe Smith.
=260  \\$aNew York :$bG. P. Putnam,$c1918.
=336  \\$atext$2rdacontent
=337  \\$acomputer$2rdamedia
=338  \\$aonline$2rdacarrier
=650  \0$aGermany.
=655  \4$aBook
=859  \\$aXLD$bWW1
=852  4\$cDRT$jDigital Store W70/5262$aBritish Library$bDSC
=CAT  \\$aBATCH-DCW$b00$c20131013$lBLL01$h1801
=CAT  \\$aWR14.046$c20140417$lBLL01$h1725
=CAT  \\$aWR13.144/5$c20140418$lBLL01$h1048
=FIN  \\$aY$d20131013
=LKR  \\$aPAR$lBLL01$r776$b010871248$mGerman Land Hunger and other underlying causes of the war /$nGerman Land Hunger and other underlying causes of the war /
=DGM  \\$a010871248$bCatBridge variable field
=DRT  \\$aWW1
=SRC  \\$aWW1$bEuropeana_Collections_1914-1918_20131005_1
=OHC  \\$a1
=LAS  \\$aWR13.144/5$b00$c20140418$lBLL01$h1048

