=LDR  02058 am a2200553ua 4500
=001  016519031
=003  Uk
=005  20180608100442.0
=007  cr\mn\024mpada
=008  961009s1917\\\\gw\\\\\\s\\\\||||\||eng\\
=FMT  \\$a  BK
=019  2\$aiole29091
=040  \\$aUk$cUk
=041  1\$aeng$hger
=100  1\$aReventlow, E.,$cGraf zu$q(Ernst),$d1869-1943.
=240  10$aIndien.$lEnglish
=245  10$aIndia :$bits importance for Great Britain, Germany and the future of the world.
=260  \\$aBerlin :$bMittler & Son,$c1917.
=300  \\$a79 p. :$bmap.
=336  \\$atext$2rdacontent
=337  \\$acomputer$2rdamedia
=338  \\$aonline$2rdacarrier
=500  \\$aA translation of a German book prepared in the Central Intelligence Office, Simla, May 1918.
=651  \0$aGermany$xRelations$zGreat Britain.
=651  \0$aGermany$xRelations$zIndia.
=651  \0$aGreat Britain$xRelations$zGermany.
=651  \0$aGreat Britain$xRelations$zIndia.
=651  \0$aIndia$xRelations$zGermany.
=651  \0$aIndia$xRelations$zGreat Britain.
=655  \4$aBook
=859  \\$aXLD$bWW1
=886  2\$2blmarc$a967$b00$gx
=852  4\$cDRT$jDigital Store V 19698$aBritish Library$bOC
=957  \\$a760414p
=985  \\$aCorrected by MS generated file for WR# 12.037
=985  \\$aEnhanced by MS generated file for WR# 13/053
=CAT  \\$aBATCH-DCW$b00$c20131013$lBLL01$h1801
=CAT  \\$aWR14.046$c20140417$lBLL01$h1725
=CAT  \\$aWR13.144/5$c20140418$lBLL01$h1048
=CAT  \\$aBATCH-RIGH$c20170607$lBLL01$h1816
=CAT  \\$aR1706-1834$c20170629$lBLL01$h1227
=CAT  \\$a8874$b40$c20180608$lBLL01$h1004
=FIN  \\$aY$d20131013
=LKR  \\$aPAR$lBLL01$r776$b012496622$mIndia : its importance for Great Britain, Germany and the future of the world.$nIndia : its importance for Great Britain, Germany and the future of the world.
=DGM  \\$a012496622$bCatBridge variable field
=DRT  \\$aWW1
=SRC  \\$aWW1$bEuropeana_Collections_1914-1918_20131005_1
=OHC  \\$a1
=LAS  \\$a8874$b40$c20180608$lBLL01$h1004

