=LDR  01846 am a22005173  4500
=001  016519035
=003  Uk
=005  20200626182906.0
=007  cr\mn\024mpada
=008  871106|1914||||enk\\\\|s\\\\\|||\||eng\\
=FMT  \\$a  BK
=019  x\$a0194860035
=040  \\$aUk$cUk
=100  1\$aBarrie, J. M.$q(James Matthew),$d1860-1937.
=240  10$aSingle Works
=245  10$aDer Tag. A play.
=264  \1$aLondon :$bHodder & Stoughton,$c1914.
=300  \\$a39 pages ;$c(8º)
=336  \\$atext$2rdacontent
=337  \\$acomputer$2rdamedia
=338  \\$aonline$2rdacarrier
=650  \0$aWorld War, 1914-1918$xLiterature and the war.
=655  \4$aBook
=787  0\$tDer Tag. A play.$w(Uk)MP1.0000232332.1$dLondon, 1915. 8º.
=859  \\$aXLD$bWW1
=852  4\$cDRT$jDigital Store 11774.bb.43.$aBritish Library$bHMNTS
=985  \\$aCorrected by BSS-generated file for WR# 11/048
=985  \\$aCorrected by MS generated file for WR# 12.037
=985  \\$aDisaggregated record: Type B
=985  \\$aEnhanced by MS generated file for WR# 12/139
=985  \\$aEnhanced by MS generated file for WR# 13/021
=985  \\$aEnhanced by MS generated file for WR# 13/054
=985  \\$aCorrected by MS generated file for WR# 1805-0738
=CAT  \\$aBATCH-DCW$b00$c20131013$lBLL01$h1804
=CAT  \\$aWR14.046$c20140417$lBLL01$h1725
=CAT  \\$aWR13.144/5$c20140418$lBLL01$h1048
=CAT  \\$a1805-0738$c20181228$lBLL01$h1834
=CAT  \\$a1805-0738$b00$c20181228$lBLL01$h1918
=CAT  \\$aW2001-2376$c20200626$lBLL01$h1829
=FIN  \\$aY$d20131013
=LKR  \\$aPAR$lBLL01$r776$b000210275$mDer Tag. A play.$nDer Tag. A play.
=DGM  \\$a000210275$bCatBridge variable field
=DRT  \\$aWW1
=SRC  \\$aWW1$bEuropeana_Collections_1914-1918_20131006_1
=OHC  \\$a1
=LAS  \\$aW2001-2376$b00$c20200626$lBLL01$h1829

