=LDR  01979 am a22004813  4500
=001  016519036
=003  Uk
=005  20200626182906.0
=007  cr\mn\024mpada
=008  871130|1916||||enk\\\\|s\\\\||||\||eng\\
=FMT  \\$a  BK
=019  x\$a0244680221
=040  \\$aUk$cUk
=100  0\$aBenedict$bXV,$cPope,$d1854-1922.
=245  10$aHis Holiness Pope Benedict XV on the Great War: a collection of the Holy Father's utterances in the cause of peace, etc.
=264  \1$aLondon :$bBurns & Oates,$c1916.
=300  \\$a19 pages ;$c(8º)
=336  \\$atext$2rdacontent
=337  \\$acomputer$2rdamedia
=338  \\$aonline$2rdacarrier
=650  \0$aWorld War, 1914-1918$xReligious aspects.
=655  \4$aBook
=859  \\$aXLD$bWW1
=852  4\$cDRT$jDigital Store 08027.aa.99.$aBritish Library$bHMNTS
=985  \\$aCorrected by BSS-generated file for WR# 11/048
=985  \\$aEnhanced by MS generated file for WR# 12/139
=985  \\$aEnhanced by MS generated file for WR# 13/021
=985  \\$aEnhanced by MS generated file for WR# 13/054
=985  \\$aCorrected by MS generated file for WR# 1805-0738
=CAT  \\$aBATCH-DCW$b00$c20131013$lBLL01$h1804
=CAT  \\$aWR14.046$c20140417$lBLL01$h1725
=CAT  \\$aWR13.144/5$c20140418$lBLL01$h1048
=CAT  \\$aBATCH-UPD$b00$c20150520$lBLL01$h1025
=CAT  \\$a1805-0738$c20181228$lBLL01$h1834
=CAT  \\$a1805-0738$b00$c20181228$lBLL01$h1918
=CAT  \\$aW2001-2376$c20200626$lBLL01$h1829
=FIN  \\$aY$d20131013
=LKR  \\$aPAR$lBLL01$r776$b000268422$mHis Holiness Pope Benedict XV on the Great War: a collection of the Holy Father's utterances in the cause of peace, etc.$nHis Holiness Pope Benedict XV on the Great War: a collection of the Holy Father's utterances in the cause of peace, etc.
=DGM  \\$a000268422$bCatBridge variable field
=DRT  \\$aWW1
=SRC  \\$aWW1$bEuropeana_Collections_1914-1918_20131006_1
=OHC  \\$a1
=LAS  \\$aW2001-2376$b00$c20200626$lBLL01$h1829

