=LDR  02045 am a22004933  4500
=001  016519037
=003  Uk
=005  20200626182906.0
=007  cr\mn\024mpada
=008  880603|1915||||enk\\\\|s\\\\\|||\||eng\\
=FMT  \\$a  BK
=019  x\$a0273840290
=040  \\$aUk$cUk
=100  1\$aBesant, Annie,$d1847-1933.
=240  10$aSingle Works
=245  10$aWar Articles and Notes. [Reprinted from "New India," "The Commonweal," and "The Theosophist." With a portrait.]
=264  \1$aLondon :$bTheosophical Publishing Society,$c1915.
=300  \\$avii, 134 pages ;$c(8º)
=336  \\$atext$2rdacontent
=337  \\$acomputer$2rdamedia
=338  \\$aonline$2rdacarrier
=650  \0$aWorld War, 1914-1918$xCampaigns$zAsia.
=655  \4$aPamphlet
=859  \\$aXLD$bWW1
=852  4\$cDRT$jDigital Store 08027.d.20.$aBritish Library$bHMNTS
=985  \\$aCorrected by BSS-generated file for WR# 11/048
=985  \\$aCorrected by MS generated file for WR# 12.037
=985  \\$aEnhanced by MS generated file for WR# 12/139
=985  \\$aEnhanced by MS generated file for WR# 13/021
=985  \\$aEnhanced by MS generated file for WR# 13/054
=985  \\$aCorrected by MS generated file for WR# 1805-0738
=CAT  \\$aBATCH-DCW$b00$c20131013$lBLL01$h1804
=CAT  \\$aWR14.046$c20140417$lBLL01$h1725
=CAT  \\$aWR13.144/5$c20140418$lBLL01$h1048
=CAT  \\$a1805-0738$c20181228$lBLL01$h1834
=CAT  \\$a1805-0738$b00$c20181228$lBLL01$h1918
=CAT  \\$aW2001-2376$c20200626$lBLL01$h1829
=FIN  \\$aY$d20131013
=LKR  \\$aPAR$lBLL01$r776$b000302473$mWar Articles and Notes. [Reprinted from "New India," "The Commonweal," and "The Theosophist." With a portrait.]$nWar Articles and Notes. [Reprinted from "New India," "The Commonweal," and "The Theosophist." With a portrait.]
=DGM  \\$a000302473$bCatBridge variable field
=DRT  \\$aWW1
=SRC  \\$aWW1$bEuropeana_Collections_1914-1918_20131006_1
=OHC  \\$a1
=LAS  \\$aW2001-2376$b00$c20200626$lBLL01$h1829

