=LDR  01713 am a22004453  4500
=001  016519038
=003  Uk
=005  20200626182906.0
=007  cr\mn\024mpada
=008  880126|1917||||enk\\\\|s\\\\\|||\||eng\\
=FMT  \\$a  BK
=019  x\$a0280740182
=040  \\$aUk$cUk
=100  1\$aBevan, Edwyn Robert,$d1870-1943.
=245  14$aThe Method in the Madness. A fresh consideration of the case between Germany and ourselves.
=264  \1$aLondon :$bEdward Arnold,$c1917.
=300  \\$avii, 309 pages ;$c(8º)
=336  \\$atext$2rdacontent
=337  \\$acomputer$2rdamedia
=338  \\$aonline$2rdacarrier
=650  \0$aWorld War, 1914-1918$xRefugees.
=655  \4$aBook
=859  \\$aXLD$bWW1
=852  4\$cDRT$jDigital Store 08027.e.26.$aBritish Library$bHMNTS
=985  \\$aCorrected by BSS-generated file for WR# 11/048
=985  \\$aEnhanced by MS generated file for WR# 12/139
=985  \\$aCorrected by MS generated file for WR# 1805-0738
=CAT  \\$aBATCH-DCW$b00$c20131013$lBLL01$h1804
=CAT  \\$aWR14.046$c20140417$lBLL01$h1725
=CAT  \\$aWR13.144/5$c20140418$lBLL01$h1048
=CAT  \\$a1805-0738$c20181228$lBLL01$h1834
=CAT  \\$a1805-0738$b00$c20181228$lBLL01$h1918
=CAT  \\$aW2001-2376$c20200626$lBLL01$h1829
=FIN  \\$aY$d20131013
=LKR  \\$aPAR$lBLL01$r776$b000307386$mThe Method in the Madness. A fresh consideration of the case between Germany and ourselves.$nThe Method in the Madness. A fresh consideration of the case between Germany and ourselves.
=DGM  \\$a000307386$bCatBridge variable field
=DRT  \\$aWW1
=SRC  \\$aWW1$bEuropeana_Collections_1914-1918_20131006_1
=OHC  \\$a1
=LAS  \\$aW2001-2376$b00$c20200626$lBLL01$h1829

