=LDR  01730 am a22004453  4500
=001  016519039
=003  Uk
=005  20200626182906.0
=007  cr\mn\024mpada
=008  880628|1917||||xxu\\\\|s\\\\\|||\||eng\\
=FMT  \\$a  BK
=019  x\$a0324540345
=040  \\$aUk$cUk
=100  1\$aBinyon, Laurence,$d1869-1943.
=245  14$aThe Cause. Poems of the war. [Containing "The Winnowing Fan" and "The Anvil."]
=264  \1$aBoston ;$aNew York :$bHoughton Mifflin, Co,$c1917.
=300  \\$aviii, 114 pages ;$c(8º)
=336  \\$atext$2rdacontent
=337  \\$acomputer$2rdamedia
=338  \\$aonline$2rdacarrier
=650  \0$aWorld War, 1914-1918$xLiterature and the war.
=655  \4$aBook
=859  \\$aXLD$bWW1
=852  4\$cDRT$jDigital Store 011648.df.12.$aBritish Library$bHMNTS
=985  \\$aCorrected by MS generated file for WR# 12.037
=985  \\$aEnhanced by MS generated file for WR# 12/139
=985  \\$aCorrected by MS generated file for WR# 1805-0738
=CAT  \\$aBATCH-DCW$b00$c20131013$lBLL01$h1804
=CAT  \\$aWR14.046$c20140417$lBLL01$h1725
=CAT  \\$aWR13.144/5$c20140418$lBLL01$h1048
=CAT  \\$a1805-0738$c20181228$lBLL01$h1834
=CAT  \\$a1805-0738$b00$c20181228$lBLL01$h1918
=CAT  \\$aW2001-2376$c20200626$lBLL01$h1829
=FIN  \\$aY$d20131013
=LKR  \\$aPAR$lBLL01$r776$b000354456$mThe Cause. Poems of the war. [Containing "The Winnowing Fan" and "The Anvil."]$nThe Cause. Poems of the war. [Containing "The Winnowing Fan" and "The Anvil."]
=DGM  \\$a000354456$bCatBridge variable field
=DRT  \\$aWW1
=SRC  \\$aWW1$bEuropeana_Collections_1914-1918_20131006_1
=OHC  \\$a1
=LAS  \\$aW2001-2376$b00$c20200626$lBLL01$h1829

