=LDR  01581 am a22004573  4500
=001  016519041
=003  Uk
=005  20200626182906.0
=007  cr\mn\024mpada
=008  880412|1915||||stk\\\\|s\\\\\|||\||eng\\
=FMT  \\$a  BK
=019  x\$a0460650149
=040  \\$aUk$cUk
=100  1\$aBuchan, John,$d1875-1940.
=245  14$aThe Thirty-nine Steps.
=264  \1$aEdinburgh ;$aLondon :$bW. Blackwood & Sons,$c1915.
=300  \\$a253 pages ;$c(8º)
=336  \\$atext$2rdacontent
=337  \\$acomputer$2rdamedia
=338  \\$aonline$2rdacarrier
=650  \0$aWorld War, 1914-1918$xLiterature and the war.
=655  \4$aBook
=859  \\$aXLD$bWW1
=852  4\$cDRT$jDigital Store 12601.ccc.25.$aBritish Library$bHMNTS
=985  \\$aCorrected by MS generated file for WR# 12.037
=985  \\$aEnhanced by MS generated file for WR# 12/139
=985  \\$aCorrected by MS generated file for WR# 1805-0738
=CAT  \\$aBATCH-DCW$b00$c20131013$lBLL01$h1804
=CAT  \\$aWR14.046$c20140417$lBLL01$h1725
=CAT  \\$aWR13.144/5$c20140418$lBLL01$h1048
=CAT  \\$aBATCH-UPD$b00$c20150520$lBLL01$h1027
=CAT  \\$a1805-0738$c20181228$lBLL01$h1834
=CAT  \\$a1805-0738$b00$c20181228$lBLL01$h1918
=CAT  \\$aW2001-2376$c20200626$lBLL01$h1829
=FIN  \\$aY$d20131013
=LKR  \\$aPAR$lBLL01$r776$b000512822$mThe Thirty-nine Steps.$nThe Thirty-nine Steps.
=DGM  \\$a000512822$bCatBridge variable field
=DRT  \\$aWW1
=SRC  \\$aWW1$bEuropeana_Collections_1914-1918_20131006_1
=OHC  \\$a1
=LAS  \\$aW2001-2376$b00$c20200626$lBLL01$h1829

