=LDR  02173 am a22005293  4500
=001  016519042
=003  Uk
=005  20200626182906.0
=007  cr\mn\024mpada
=008  880330|1915|||||||\\\\|s\\\\\|||\||eng\\
=FMT  \\$a  BK
=019  x\$a0684460041
=040  \\$aUk$cUk
=100  1\$aConybeare, F. C.$q(Frederick Cornwallis),$d1856-1924.
=240  10$aEine Stimme für Deutschland aus England. [Extracts from Conybeare's letter of 5 March 1915.]
=245  10$aWorking Dr. Conybeare. [On the use made of Conybeare's letter of 5 March 1915 for German propaganda.]
=264  \1$c[1915]
=300  \\$a3 pages ;$c(8º)
=336  \\$atext$2rdacontent
=337  \\$acomputer$2rdamedia
=338  \\$aonline$2rdacarrier
=650  \0$aWorld War, 1914-1918$xPropaganda.
=655  \4$aPamphlet
=859  \\$aXLD$bWW1
=852  4\$cDRT$jDigital Store 08028.h.29.$aBritish Library$bHMNTS
=985  \\$aCorrected by BSS-generated file for WR# 11/211
=985  \\$aCorrected by MS generated file for WR# 12.037
=985  \\$aEnhanced by MS generated file for WR# 13/021
=985  \\$aEnhanced by MS generated file for WR# 13/054
=985  \\$aCorrected by MS generated file for WR# 1805-0738
=CAT  \\$aBATCH-DCW$b00$c20131013$lBLL01$h1804
=CAT  \\$aWR14.046$c20140417$lBLL01$h1725
=CAT  \\$aWR13.144/5$c20140418$lBLL01$h1048
=CAT  \\$a5194$b40$c20161028$lBLL01$h1420
=CAT  \\$aBATCH-UPD$b40$c20161028$lBLL01$h1421
=CAT  \\$aBATCH-RIGH$c20170607$lBLL01$h1816
=CAT  \\$aR1706-1834$c20170629$lBLL01$h1227
=CAT  \\$a1805-0738$c20181228$lBLL01$h1834
=CAT  \\$a1805-0738$b00$c20181228$lBLL01$h1918
=CAT  \\$aW2001-2376$c20200626$lBLL01$h1829
=FIN  \\$aY$d20131013
=LKR  \\$aPAR$lBLL01$r776$b000771563$mWorking Dr. Conybeare. [On the use made of Conybeare's letter of 5 March 1915 for German propaganda.]$nWorking Dr. Conybeare. [On the use made of Conybeare's letter of 5 March 1915 for German propaganda.]
=DGM  \\$a000771563$bCatBridge variable field
=DRT  \\$aWW1
=SRC  \\$aWW1$bEuropeana_Collections_1914-1918_20131006_1
=OHC  \\$a1
=LAS  \\$aW2001-2376$b00$c20200626$lBLL01$h1829

