=LDR  01624 am a22004577a 4500
=001  016519046
=003  Uk
=005  20200309121014.0
=007  cr\mn\024mpada
=008  881005s1918\\\\enk\\\\\s\\\\\000\0\eng\\
=FMT  \\$a  BK
=019  x\$a1002050316
=040  \\$aUk$cUk$dUk
=110  1\$aGreat Britain.$bNational War Aims Committee.
=245  10$aGerman aims series.
=264  \1$aLondon,$c[1918]
=300  \\$c(8º & 16º)
=336  \\$atext$2rdacontent
=337  \\$acomputer$2rdamedia
=338  \\$aonline$2rdacarrier
=340  \\$m16mo$2rdabf
=340  \\$m8vo$2rdabf
=505  1\$aGuilty! : Prince Lichnowsky's disclosures / By C. A. McCurdy, M.P. -- Those German peace offers / by William Stephen Sanders.
=700  1\$aMcCurdy, C. A.$q(Charles Albert),$d1870-1941.$tGuilty!.
=700  1\$aSanders, Stephen,$d1871-1941.$tThose German peace offers.
=859  \\$aXLD$bWW1
=852  \\$aBritish Library$bHMNTS$cDRT$jDigital Store 08027.f.100.
=985  \\$aCorrected by MS generated file for WR# 12.037
=CAT  \\$aBATCH-DCW$b00$c20131013$lBLL01$h1804
=CAT  \\$aWR14.046$c20140417$lBLL01$h1725
=CAT  \\$aWR13.144/5$c20140418$lBLL01$h1048
=CAT  \\$aBATCH-RIGH$c20170607$lBLL01$h1816
=CAT  \\$aR1706-1834$c20170629$lBLL01$h1227
=CAT  \\$a6550$b40$c20200309$lBLL01$h1210
=FIN  \\$aY$d20131013
=LKR  \\$aPAR$lBLL01$r776$b001137902$mGerman aims series.$nGerman aims series.
=DGM  \\$a001211912$bCatBridge variable field
=DRT  \\$aWW1
=SRC  \\$aWW1$bEuropeana_Collections_1914-1918_20131006_1
=OHC  \\$a1
=LAS  \\$a6550$b40$c20200309$lBLL01$h1210

