=LDR  01426 am a22004333  4500
=001  016519047
=003  Uk
=005  20131013180457.0
=007  cr\mn\024mpada
=008  880726|1915|||||||\\\\|s\\\\\|||\||eng\\
=FMT  \\$a  BK
=019  x\$a1112430377
=040  \\$aUk$cUk
=100  1\$aForbes, Nevill,$d1883-1929.
=245  14$aThe Southern Slavs.
=260  \\$c[1915]
=300  \\$a32 p.
=336  \\$atext$2rdacontent
=337  \\$acomputer$2rdamedia
=338  \\$aonline$2rdacarrier
=580  \\$aIn : Oxford Pamphlets. Oxford Pamphlets, 1914. 1914, etc. 8º.
=650  \0$aWorld War, 1914-1918$xPropaganda.
=655  \4$aPamphlet
=859  \\$aXLD$bWW1
=852  4\$cDRT$jDigital Store 08028.de.93.(58.)$aBritish Library$bHMNTS
=985  \\$aCorrected by MS generated file for WR# 11/211
=CAT  \\$aBATCH-DCW$b00$c20131013$lBLL01$h1804
=CAT  \\$aBATCH-DCW$b00$c20131128$lBLL01$h0022
=CAT  \\$a2407$b40$c20131209$lBLL01$h1608
=CAT  \\$aWR14.046$c20140417$lBLL01$h1725
=CAT  \\$aWR13.144/5$c20140418$lBLL01$h1048
=FIN  \\$aY$d20131013
=LKR  \\$aPAR$lBLL01$r776$b001266916$mThe Southern Slavs.$nThe Southern Slavs.
=DGM  \\$a001266916$bCatBridge variable field
=DRT  \\$aWW1
=SRC  \\$aWW1$bEuropeana_Collections_1914-1918_20131006_1
=SRC  \\$aWW1$bEuropeana_Collections_1914-1918_20131017_1
=OHC  \\$a1
=LAS  \\$aWR13.144/5$b00$c20140418$lBLL01$h1048

