=LDR  01967 am a22004933  4500
=001  016519048
=003  Uk
=005  20200626182906.0
=007  cr\mn\024mpada
=008  880801|1921||||enk\\\\|s\\\\\|||\||eng\\
=FMT  \\$a  BK
=019  x\$a1191620298
=040  \\$aUk$cUk
=100  1\$aGalsworthy, John,$d1867-1933.
=240  10$aSmaller Collections
=245  10$aSix Short Plays. (The First and the Last. The Little Man. Hall-marked. Defeat. The Sun. Punch and Go.).
=264  \1$aLondon :$bDuckworth & Co,$c1921.
=300  \\$a142 pages ;$c(8º)
=336  \\$atext$2rdacontent
=337  \\$acomputer$2rdamedia
=338  \\$aonline$2rdacarrier
=650  \0$aWorld War, 1914-1918$xLiterature and the war.
=655  \4$aBook
=859  \\$aXLD$bWW1
=852  4\$cDRT$jDigital Store 011779.e.47.$aBritish Library$bHMNTS
=985  \\$aCorrected by MS generated file for WR# 12.037
=985  \\$aEnhanced by MS generated file for WR# 12/139
=985  \\$aEnhanced by MS generated file for WR# 13/021
=985  \\$aEnhanced by MS generated file for WR# 13/054
=985  \\$aCorrected by MS generated file for WR# 1805-0738
=CAT  \\$aBATCH-DCW$b00$c20131013$lBLL01$h1804
=CAT  \\$aWR14.046$c20140417$lBLL01$h1725
=CAT  \\$aWR13.144/5$c20140418$lBLL01$h1048
=CAT  \\$aBATCH-UPD$b00$c20150520$lBLL01$h1024
=CAT  \\$a1805-0738$c20181228$lBLL01$h1834
=CAT  \\$a1805-0738$b00$c20181228$lBLL01$h1918
=CAT  \\$aW2001-2376$c20200626$lBLL01$h1829
=FIN  \\$aY$d20131013
=LKR  \\$aPAR$lBLL01$r776$b001356759$mSix Short Plays. (The First and the Last. The Little Man. Hall-marked. Defeat. The Sun. Punch and Go.).$nSix Short Plays. (The First and the Last. The Little Man. Hall-marked. Defeat. The Sun. Punch and Go.).
=DGM  \\$a001356759$bCatBridge variable field
=DRT  \\$aWW1
=SRC  \\$aWW1$bEuropeana_Collections_1914-1918_20131006_1
=OHC  \\$a1
=LAS  \\$aW2001-2376$b00$c20200626$lBLL01$h1829

