=LDR  02004 am a22004813  4500
=001  016519052
=003  Uk
=005  20200626182906.0
=007  cr\mn\024mpada
=008  881111|1917||||enk\\\\|s\\\\\|||\||eng\\
=FMT  \\$a  BK
=019  x\$a1482350076
=040  \\$aUk$cUk
=100  1\$aHILLIS, Newell Dwight.
=245  10$aMurder Most Foul! [Asserting that atrocities were committed by German soldiers in France and Belgium during the European War.]
=264  \1$aLondon :$bHayman, Christy & Lilly,$c[1917]
=300  \\$a16 pages ;$c(8º)
=336  \\$atext$2rdacontent
=337  \\$acomputer$2rdamedia
=338  \\$aonline$2rdacarrier
=650  \0$aWorld War, 1914-1918$xAtrocities.
=655  \4$aPamphlet
=859  \\$aXLD$bWW1
=852  4\$cDRT$jDigital Store 08028.cc.11.$aBritish Library$bHMNTS
=985  \\$aCorrected by BSS-generated file for WR# 11/160
=985  \\$aCorrected by MS generated file for WR# 12.037
=985  \\$aEnhanced by MS generated file for WR# 12/139
=985  \\$aEnhanced by MS generated file for WR# 13/021
=985  \\$aEnhanced by MS generated file for WR# 13/054
=985  \\$aCorrected by MS generated file for WR# 1805-0738
=CAT  \\$aBATCH-DCW$b00$c20131013$lBLL01$h1804
=CAT  \\$aWR14.046$c20140417$lBLL01$h1725
=CAT  \\$aWR13.144/5$c20140418$lBLL01$h1048
=CAT  \\$a1805-0738$c20181228$lBLL01$h1834
=CAT  \\$a1805-0738$b00$c20181228$lBLL01$h1918
=CAT  \\$aW2001-2376$c20200626$lBLL01$h1829
=FIN  \\$aY$d20131013
=LKR  \\$aPAR$lBLL01$r776$b001686560$mMurder Most Foul! [Asserting that atrocities were committed by German soldiers in France and Belgium during the European War.]$nMurder Most Foul! [Asserting that atrocities were committed by German soldiers in France and Belgium during the European War.]
=DGM  \\$a001686560$bCatBridge variable field
=DRT  \\$aWW1
=SRC  \\$aWW1$bEuropeana_Collections_1914-1918_20131006_1
=OHC  \\$a1
=LAS  \\$aW2001-2376$b00$c20200626$lBLL01$h1829

