=LDR  01507 am a22004453  4500
=001  016519055
=003  Uk
=005  20200626182906.0
=007  cr\mn\024mpada
=008  890524|1916||||enk\\\\|s\\\\\|||\||eng\\
=FMT  \\$a  BK
=019  x\$a1894960122
=040  \\$aUk$cUk
=100  1\$aLe Queux, William,$d1864-1927.
=245  14$aThe Spy Hunter, etc.
=264  \1$aLondon :$bC. A. Pearson,$c1916.
=300  \\$a156 pages ;$c(8º)
=336  \\$atext$2rdacontent
=337  \\$acomputer$2rdamedia
=338  \\$aonline$2rdacarrier
=650  \0$aWorld War, 1914-1918$xLiterature and the war.
=655  \4$aBook
=859  \\$aXLD$bWW1
=852  4\$cDRT$jDigital Store 12601.aa.14.$aBritish Library$bHMNTS
=985  \\$aCorrected by MS generated file for WR# 12.037
=985  \\$aEnhanced by MS generated file for WR# 12/139
=985  \\$aCorrected by MS generated file for WR# 1805-0738
=CAT  \\$aBATCH-DCW$b00$c20131013$lBLL01$h1804
=CAT  \\$aWR14.046$c20140417$lBLL01$h1725
=CAT  \\$aWR13.144/5$c20140418$lBLL01$h1048
=CAT  \\$a1805-0738$c20181228$lBLL01$h1834
=CAT  \\$a1805-0738$b00$c20181228$lBLL01$h1918
=CAT  \\$aW2001-2376$c20200626$lBLL01$h1829
=FIN  \\$aY$d20131013
=LKR  \\$aPAR$lBLL01$r776$b002139189$mThe Spy Hunter, etc.$nThe Spy Hunter, etc.
=DGM  \\$a002139189$bCatBridge variable field
=DRT  \\$aWW1
=SRC  \\$aWW1$bEuropeana_Collections_1914-1918_20131006_1
=OHC  \\$a1
=LAS  \\$aW2001-2376$b00$c20200626$lBLL01$h1829

