=LDR  02160 am a22005053  4500
=001  016519059
=003  Uk
=005  20200626182906.0
=007  cr\mn\024mpada
=008  890626|1920||||enk\\\\|s\\\\\|||\||eng\\
=FMT  \\$a  BK
=019  x\$a2263140131
=040  \\$aUk$cUk
=100  1\$aMOREL, Edmund Dene,$cpseud. [i.e. George Edmond Pierre Achille Morel de Ville.]
=245  10$aTen Years of Secret Diplomacy ... Being a reprint of "Morocco in Diplomacy" ... With five maps. (Sixth edition.).
=264  \1$aManchester :$bNational Labour Press,$c1920.
=300  \\$axxxviii, 198 pages ;$c(8º)
=336  \\$atext$2rdacontent
=337  \\$acomputer$2rdamedia
=338  \\$aonline$2rdacarrier
=650  \0$aWorld War, 1914-1918$xMoral and ethical aspects.
=655  \4$aPamphlet
=859  \\$aXLD$bWW1
=852  4\$cDRT$jDigital Store 08026.cc.31.$aBritish Library$bHMNTS
=985  \\$aCorrected by BSS-generated file for WR# 11/216
=985  \\$aCorrected by MS generated file for WR# 12.037
=985  \\$aEnhanced by MS generated file for WR# 12/139
=985  \\$aEnhanced by MS generated file for WR# 13/021
=985  \\$aEnhanced by MS generated file for WR# 13/054
=985  \\$aCorrected by MS generated file for WR# 1805-0738
=CAT  \\$aBATCH-DCW$b00$c20131013$lBLL01$h1804
=CAT  \\$aWR14.046$c20140417$lBLL01$h1725
=CAT  \\$aWR13.144/5$c20140418$lBLL01$h1048
=CAT  \\$aBATCH-RIGH$c20170607$lBLL01$h1816
=CAT  \\$aR1706-1834$c20170629$lBLL01$h1227
=CAT  \\$a1805-0738$c20181228$lBLL01$h1834
=CAT  \\$a1805-0738$b00$c20181228$lBLL01$h1918
=CAT  \\$aW2001-2376$c20200626$lBLL01$h1829
=FIN  \\$aY$d20131013
=LKR  \\$aPAR$lBLL01$r776$b002545891$mTen Years of Secret Diplomacy ... Being a reprint of "Morocco in Diplomacy" ... With five maps. (Sixth edition.).$nTen Years of Secret Diplomacy ... Being a reprint of "Morocco in Diplomacy" ... With five maps. (Sixth edition.).
=DGM  \\$a002545891$bCatBridge variable field
=DRT  \\$aWW1
=SRC  \\$aWW1$bEuropeana_Collections_1914-1918_20131006_1
=OHC  \\$a1
=LAS  \\$aW2001-2376$b00$c20200626$lBLL01$h1829

