=LDR  02273cam a22005173  4500
=001  016519060
=003  Uk
=005  20200626182906.0
=007  cr\mn\024mpada
=008  890626|1925||||enk\\\\|s\\\\\|||\||eng\\
=FMT  \\$a  BK
=019  x\$a2263140247
=040  \\$aUk$cUk
=100  1\$aMOREL, Edmund Dene,$cpseud. [i.e. George Edmond Pierre Achille Morel de Ville.]
=245  14$aThe Secret History of a Great Betrayal ... Sixth edition. (Revised and brought up-to-date by C. Raymond Beazley and Stella E. Morel.).
=264  \1$aLondon :$bForeign Affairs,$c1925.
=300  \\$a50 pages ;$c(8º)
=336  \\$atext$2rdacontent
=337  \\$acomputer$2rdamedia
=338  \\$aonline$2rdacarrier
=650  \0$aWorld War, 1914-1918$xMoral and ethical aspects.
=655  \4$aBook
=700  1\$aBeazley, C. Raymond$q(Charles Raymond),$d1868-1955.
=700  1\$aMOREL, Stella E.
=859  \\$aXLD$bWW1
=886  2\$2blmarc$a709$b00$aBEAZLEY$eSir$hCharles Raymond$p08028.dd.16.$x0223490261
=886  2\$2blmarc$a709$b00$aMOREL$hStella E.$p08028.dd.16.$x226325000X
=852  4\$cDRT$jDigital Store 08028.dd.16.$aBritish Library$bHMNTS
=985  \\$aCorrected by BSS-generated file for WR# 11/048
=985  \\$aCorrected by MS generated file for WR# 12.037
=985  \\$aEnhanced by MS generated file for WR# 12/139
=985  \\$aCorrected by MS generated file for WR# 1805-0738
=CAT  \\$aBATCH-DCW$b00$c20131013$lBLL01$h1804
=CAT  \\$aWR14.046$c20140417$lBLL01$h1725
=CAT  \\$aWR13.144/5$c20140418$lBLL01$h1048
=CAT  \\$a1805-0738$c20181228$lBLL01$h1834
=CAT  \\$a1805-0738$b00$c20181228$lBLL01$h1918
=CAT  \\$aW2001-2376$c20200626$lBLL01$h1829
=CAT  \\$a4039$b40$c20230127$lBLL01$h1533
=FIN  \\$aY$d20131013
=LKR  \\$aPAR$lBLL01$r776$b002545902$mThe Secret History of a Great Betrayal ... Sixth edition. (Revised and brought up-to-date by C. Raymond Beazley and Stella E. Morel.).$nThe Secret History of a Great Betrayal ... Sixth edition. (Revised and brought up-to-date by C. Raymond Beazley and Stella E. Morel.).
=DGM  \\$a002545902$bCatBridge variable field
=DRT  \\$aWW1
=SRC  \\$aWW1$bEuropeana_Collections_1914-1918_20131006_1
=OHC  \\$a1
=LAS  \\$a4039$b40$c20230127$lBLL01$h1533

