=LDR  01993 am a22005053  4500
=001  016519068
=003  Uk
=005  20200626182907.0
=007  cr\mn\024mpada
=008  900425s1918\\\\enka\\\\s\\\\\|||\||eng\\
=FMT  \\$a  BK
=019  x\$a3100560051
=040  \\$aUk$cUk
=100  1\$aSpielmann, Isidore,$cSir,$d1854-1925.
=245  10$aGermany's Impending Doom : another open letter to Herr Maximilian Harden /$c... with four cartoons specially drawn by Hugh Thomson.
=264  \1$aLondon :$bW. Speaight & Sons,$c1918.
=300  \\$a35 pages :$billustrations ;$c(8º)
=336  \\$atext$2rdacontent
=337  \\$acomputer$2rdamedia
=338  \\$aonline$2rdacarrier
=650  \0$aWorld War, 1914-1918.
=655  \4$aBook
=700  1\$aThomson, Hugh,$d1860-1920.
=859  \\$aXLD$bWW1
=852  4\$cDRT$jDigital Store 08027.aaa.148.$aBritish Library$bHMNTS
=985  \\$aCorrected by BSS-generated file for WR# 11/211
=985  \\$aEnhanced by MS generated file for WR# 12/139
=985  \\$aEnhanced by MS generated file for WR# 13/021
=985  \\$aEnhanced by MS generated file for WR# 13/054
=985  \\$aCorrected by MS generated file for WR# 1805-0738
=CAT  \\$aBATCH-DCW$b00$c20131013$lBLL01$h1804
=CAT  \\$aWR14.046$c20140417$lBLL01$h1725
=CAT  \\$aWR13.144/5$c20140418$lBLL01$h1048
=CAT  \\$aBATCH-UPD$b00$c20150520$lBLL01$h1025
=CAT  \\$a1805-0738$c20181228$lBLL01$h1834
=CAT  \\$a1805-0738$b00$c20181228$lBLL01$h1918
=CAT  \\$a8874$b40$c20191023$lBLL01$h1111
=CAT  \\$aW2001-2376$c20200626$lBLL01$h1829
=FIN  \\$aY$d20131013
=LKR  \\$aPAR$lBLL01$r776$b003463328$mGermany's Impending Doom: another open letter to Herr Maximilian Harden$nGermany's Impending Doom: another open letter to Herr Maximilian Harden
=DGM  \\$a003463328$bCatBridge variable field
=DRT  \\$aWW1
=SRC  \\$aWW1$bEuropeana_Collections_1914-1918_20131006_1
=OHC  \\$a1
=LAS  \\$aW2001-2376$b00$c20200626$lBLL01$h1829

