=LDR  01984 am a22004693  4500
=001  016519069
=003  Uk
=005  20200626182907.0
=007  cr\mn\024mpada
=008  941229|1918||||enk\\\\|s\\\\\|||\||eng\\
=FMT  \\$a  BK
=019  x\$a3483710086
=040  \\$aUk$cUk
=100  1\$aWest, Arthur Graeme,$d1891-1917.
=245  14$aThe Diary of a Dead Officer: being the posthumous papers of A. G. West. [Edited with an introduction by C. J.], i.e. C. E. M. Joad.
=264  \1$aLondon :$bG. Allen & Unwin,$c[1918]
=300  \\$axiv, 96 pages ;$c(8º)
=336  \\$atext$2rdacontent
=337  \\$acomputer$2rdamedia
=338  \\$aonline$2rdacarrier
=650  \0$aWorld War, 1914-1918$xLiterature and the war.
=655  \4$aBook
=700  1\$aJoad, C. E. M.$q(Cyril Edwin Mitchinson),$d1891-1953.
=859  \\$aXLD$bWW1
=852  4\$cDRT$jDigital Store 010856.de.16.$aBritish Library$bHMNTS
=985  \\$aCorrected by BSS-generated file for WR# 11/211
=985  \\$aCorrected by MS generated file for WR# 12.037
=985  \\$aEnhanced by MS generated file for WR# 12/139
=985  \\$aCorrected by MS generated file for WR# 1805-0738
=CAT  \\$aBATCH-DCW$b00$c20131013$lBLL01$h1804
=CAT  \\$aWR14.046$c20140417$lBLL01$h1725
=CAT  \\$aWR13.144/5$c20140418$lBLL01$h1048
=CAT  \\$a1805-0738$c20181228$lBLL01$h1834
=CAT  \\$a1805-0738$b00$c20181228$lBLL01$h1918
=CAT  \\$aW2001-2376$c20200626$lBLL01$h1829
=FIN  \\$aY$d20131013
=LKR  \\$aPAR$lBLL01$r776$b003894045$mThe Diary of a Dead Officer: being the posthumous papers of A. G. West. [Edited with an introduction by C. J.], i.e. C. E. M. Joad.$nThe Diary of a Dead Officer: being the posthumous papers of A. G. West. [Edited with an introduction by C. J.], i.e. C. E. M. Joad.
=DGM  \\$a003894045$bCatBridge variable field
=DRT  \\$aWW1
=SRC  \\$aWW1$bEuropeana_Collections_1914-1918_20131006_1
=OHC  \\$a1
=LAS  \\$aW2001-2376$b00$c20200626$lBLL01$h1829

