=LDR  01674 am a2200493ui 4500
=001  016519071
=003  Uk
=005  20131013180458.0
=007  cr\mn\024mpada
=008  750714s1920\\\\enk\\\\|s\\\\\000\||eng\d
=FMT  \\$a  BK
=010  \\$a21004727
=019  2\$aoc01446423
=040  \\$cBNG$dBLX
=050  00$aD629.E3
=100  1\$aTubby, Alfred H.$q(Alfred Herbert),$d1862-1930.
=245  12$aA consulting surgeon in the Near East.
=260  \\$aLondon :$bChristophers,$c1920.
=300  \\$axiii, 279 p. :$bill. ;$c23 cm.
=336  \\$atext$2rdacontent
=337  \\$acomputer$2rdamedia
=338  \\$aonline$2rdacarrier
=650  \0$aMedicine$zMiddle East.
=650  \0$aWorld War, 1914-1918$xMedical and sanitary affairs.
=650  \0$aWorld War, 1914-1918$xMedical care.
=655  \4$aBook
=859  \\$aXLD$bWW1
=886  2\$2blmarc$a967$b00$gx
=852  4\$cDRT$jDigital Store T 35333$aBritish Library$bOC
=985  \\$aCorrected by MS generated file for WR# 12.037
=985  \\$aRecord amended for WR# 13/070
=CAT  \\$aBATCH-DCW$b00$c20131013$lBLL01$h1804
=CAT  \\$aWR14.046$c20140417$lBLL01$h1725
=CAT  \\$aWR13.144/5$c20140418$lBLL01$h1048
=CAT  \\$aBATCH-RIGH$c20170607$lBLL01$h1816
=CAT  \\$aR1706-1834$c20170629$lBLL01$h1227
=CAT  \\$a5194$b40$c20181113$lBLL01$h1223
=FIN  \\$aY$d20131013
=LKR  \\$aPAR$lBLL01$r776$b008640846$mA consulting surgeon in the Near East.$nA consulting surgeon in the Near East.
=DGM  \\$a008640846$bCatBridge variable field
=DRT  \\$aWW1
=SRC  \\$aWW1$bEuropeana_Collections_1914-1918_20131006_1
=OHC  \\$a1
=LAS  \\$a5194$b40$c20181113$lBLL01$h1223

