=LDR  01416cam a2200397uu 4500
=001  016519072
=003  Uk
=005  20131013180458.0
=007  cr\mn\024mpada
=008  040419s1915\\\\xx\\\\\|s\\\\\000\||eng\\
=FMT  \\$a  BK
=019  u\$aG10517830
=040  \\$aUk$cUk
=100  1\$aDillon, Emile Joseph,$d1855-1933.
=245  10$aFrom the Triple to the Quadruple Alliance :$bwhy Italy went to war : "The Daily Telegraph" /$cby Hodder and Stoughton.
=260  \\$a[S.l.] :$b[s.n.],$c1915.
=336  \\$atext$2rdacontent
=337  \\$acomputer$2rdamedia
=338  \\$aonline$2rdacarrier
=650  \0$aItaly.
=655  \4$aBook
=700  1\$aHodder.
=700  1\$aStoughton.
=859  \\$aXLD$bWW1
=852  4\$cDRT$jDigital Store B.64.c.22$aBritish Library$bDSC
=CAT  \\$aBATCH-DCW$b00$c20131013$lBLL01$h1804
=CAT  \\$aWR14.046$c20140417$lBLL01$h1725
=CAT  \\$aWR13.144/5$c20140418$lBLL01$h1048
=CAT  \\$a4039$b40$c20220127$lBLL01$h1115
=FIN  \\$aY$d20131013
=LKR  \\$aPAR$lBLL01$r776$b008925874$mFrom the Triple to the Quadruple Alliance : why Italy went to war : "The Daily Telegraph" /$nFrom the Triple to the Quadruple Alliance : why Italy went to war : "The Daily Telegraph" /
=DGM  \\$a008925874$bCatBridge variable field
=DRT  \\$aWW1
=SRC  \\$aWW1$bEuropeana_Collections_1914-1918_20131006_1
=OHC  \\$a1
=LAS  \\$a4039$b40$c20220127$lBLL01$h1115

