=LDR  01465 am a22003853  4500
=001  016519073
=003  Uk
=005  20131013180458.0
=007  cr\mn\024mpada
=008  070717s1918\\\\|||||||\s\\\\\|||\||eng\\
=FMT  \\$a  BK
=019  o\$aB05050027
=040  \\$aUk$beng$cUk
=245  00$aFinal report of the Committee on commercial and industrial policy after the war /$cChairman: Lord Balfour of Burleigh.
=260  \\$a[S.l.] :$bH.M.S.O.,$c1918.
=336  \\$atext$2rdacontent
=337  \\$acomputer$2rdamedia
=338  \\$aonline$2rdacarrier
=490  0\$aCd. ;$v9035
=650  \0$aWorld War, 1914-1918$xEconomic aspects.
=655  \4$aBook
=700  1\$aBalfour, Alexander Hugh Bruce,$c6th Baron Balfour of Burleigh.
=710  2\$aCommittee on commercial and industrial policy.
=859  \\$aXLD$bWW1
=852  \\$aBritish Library$bDSC$cDRT$jDigital Store OP-fCd.9035
=CAT  \\$aBATCH-DCW$b00$c20131013$lBLL01$h1804
=CAT  \\$aWR14.046$c20140417$lBLL01$h1725
=CAT  \\$aWR13.144/5$c20140418$lBLL01$h1048
=FIN  \\$aY$d20131013
=LKR  \\$aPAR$lBLL01$r776$b015214167$mFinal report of the Committee on commercial and industrial policy after the war /$nFinal report of the Committee on commercial and industrial policy after the war /
=DGM  \\$a015214167$bCatBridge variable field
=DRT  \\$aWW1
=SRC  \\$aWW1$bEuropeana_Collections_1914-1918_20131006_1
=OHC  \\$a1
=LAS  \\$aWR13.144/5$b00$c20140418$lBLL01$h1048

