=LDR  01878 am a22004093  4500
=001  016519074
=003  Uk
=005  20131013180458.0
=007  cr\mn\024mpada
=008  070707s1916\\\\|||||||\s\\\\\|||\||eng\\
=FMT  \\$a  BK
=019  o\$aB05080087
=040  \\$aUk$beng$cUk
=110  2\$aBritish Trade After the War.
=245  10$aReport of a Sub-committee of the Advisory committee to the Board of trade on commercial intelligence with respect to measures for securing the position, after the war, of certain branches of British industry /$c[Chairman:] Algernon F.Firth.
=260  \\$a[S.l.] :$bH.M.S.O.,$c1916.
=336  \\$atext$2rdacontent
=337  \\$acomputer$2rdamedia
=338  \\$aonline$2rdacarrier
=490  0\$aCd. ;$v8181
=650  \0$aWorld War, 1914-1918$xFinance.
=653  0\$aBritish trade after the war
=655  \4$aBook
=700  1\$aFirth, Algernon F.
=859  \\$aXLD$bWW1
=852  \\$aBritish Library$bDSC$cDRT$jDigital Store OP-fCd.8181
=985  \\$aCorrected by MS generated file for WR# 12.037
=CAT  \\$aBATCH-DCW$b00$c20131013$lBLL01$h1804
=CAT  \\$aWR14.046$c20140417$lBLL01$h1725
=CAT  \\$aWR13.144/5$c20140418$lBLL01$h1048
=FIN  \\$aY$d20131013
=LKR  \\$aPAR$lBLL01$r776$b015216268$mReport of a Sub-committee of the Advisory committee to the Board of trade on commercial intelligence with respect to measures for securing the position, after the war, of certain branches of British industry /$nReport of a Sub-committee of the Advisory committee to the Board of trade on commercial intelligence with respect to measures for securing the position, after the war, of certain branches of British industry /
=DGM  \\$a015216268$bCatBridge variable field
=DRT  \\$aWW1
=SRC  \\$aWW1$bEuropeana_Collections_1914-1918_20131006_1
=OHC  \\$a1
=LAS  \\$aWR13.144/5$b00$c20140418$lBLL01$h1048

