=LDR  01324 am a22003733  4500
=001  016519075
=003  Uk
=005  20131013180458.0
=007  cr\mn\024mpada
=008  070718s1929\\\\|||||||\s\\\\\|||\||eng\\
=FMT  \\$a  BK
=019  o\$aB05230345
=040  \\$aUk$beng$cUk
=100  1\$aFrancqui, Emile.
=245  10$aReport of the Committee of experts on reparations /$cPresented to Parliament by the Financial secretary to Treasury ... Chairman: Emile Francqui.
=260  \\$a[S.l.] :$bH.M.S.O.,$c1929.
=336  \\$atext$2rdacontent
=337  \\$acomputer$2rdamedia
=338  \\$aonline$2rdacarrier
=490  0\$aCmd. ;$v3343
=650  \0$aWorld War, 1914-1918$xEconomic aspects.
=655  \4$aBook
=859  \\$aXLD$bWW1
=852  \\$aBritish Library$bDSC$cDRT$jDigital Store OP-Cmd.3343
=CAT  \\$aBATCH-DCW$b00$c20131013$lBLL01$h1804
=CAT  \\$aWR14.046$c20140417$lBLL01$h1725
=CAT  \\$aWR13.144/5$c20140418$lBLL01$h1048
=FIN  \\$aY$d20131013
=LKR  \\$aPAR$lBLL01$r776$b015227175$mReport of the Committee of experts on reparations /$nReport of the Committee of experts on reparations /
=DGM  \\$a015227175$bCatBridge variable field
=DRT  \\$aWW1
=SRC  \\$aWW1$bEuropeana_Collections_1914-1918_20131006_1
=OHC  \\$a1
=LAS  \\$aWR13.144/5$b00$c20140418$lBLL01$h1048

