=LDR  02159 am a2200469 a 4500
=001  016519076
=003  Uk
=005  20131013180458.0
=007  cr\mn\024mpada
=008  780321s1918\\\\enk\\\\\s\\\\f000\0\eng\d
=FMT  \\$a  BK
=035  \\$a(OCoLC)711051841
=040  \\$aUk$beng$cUk
=042  \\$aukblsr
=043  \\$aa-ii---
=100  1\$aSinha, Satyendra Prasanna Sinha,$cBaron,$d1864-1928.
=245  10$aIndian constitutional reforms :$baddress by the Hon. Sir Satyendra Sinha, K.C. (Representative of India in the Imperial War Cabinet).
=246  30$aAddress by the Hon. Sir Satyendra Sinha ...
=260  \\$a[London] :$bEmpire Parliamentary Association (United Kingdom Branch),$c[1918]
=300  \\$a14 p. ;$c33 cm.
=336  \\$atext$2rdacontent
=337  \\$acomputer$2rdamedia
=338  \\$aonline$2rdacarrier
=500  \\$a"At a private meeting of members of the Lords and Commons and members of Dominion Parliaments held at the Houses of Parliament, 31st July 1918, together with an account of proceedings on the occasion. The Rt. Hon. Austen Chamberlain ... in the chair."
=500  \\$aAt head of title: Confidential.
=650  \0$aConstitutional law$zIndia.
=650  \0$aWorld War, 1914-1918$xCampaigns$zAsia.
=651  \0$aIndia$xPolitics and government$y1919-1947.
=655  \4$aBook
=859  \\$aXLD$bWW1
=852  4\$cDRT$jDigital Store IOL.1947.b.580$aBritish Library$bOC
=985  \\$aCorrected by MS generated file for WR# 12.037
=CAT  \\$aBATCH-DCW$b00$c20131013$lBLL01$h1804
=CAT  \\$aWR14.046$c20140417$lBLL01$h1725
=CAT  \\$aWR13.144/5$c20140418$lBLL01$h1048
=FIN  \\$aY$d20131013
=LKR  \\$aPAR$lBLL01$r776$b015850523$mIndian constitutional reforms : address by the Hon. Sir Satyendra Sinha, K.C. (Representative of India in the Imperial War Cabinet).$nIndian constitutional reforms : address by the Hon. Sir Satyendra Sinha, K.C. (Representative of India in the Imperial War Cabinet).
=DGM  \\$a015850523$bCatBridge variable field
=DRT  \\$aWW1
=SRC  \\$aWW1$bEuropeana_Collections_1914-1918_20131006_1
=OHC  \\$a1
=LAS  \\$aWR13.144/5$b00$c20140418$lBLL01$h1048

