=LDR  02223 am a22004813  4500
=001  016549544
=003  Uk
=005  20200626182914.0
=007  cr\mn\024mpada
=008  030501|1917||||enk\\\\|s\\\\||||\||eng\\
=FMT  \\$a  BK
=019  x\$a119295033X
=040  \\$aUk$cUk
=100  1\$aSingh, Ganga,$cMaharaja of Bikaner,$d1880-1943.
=245  10$aIndia's Imperial Partnership. Speeches of ... the Maharaja of Bikanir during his visit to England as one of the Indian delegates to the Imperial War Cabinet and the Imperial War Conference, 1917.
=264  \1$aLondon :$bThe Times,$c[1917]
=300  \\$a32 pages ;$c(8º)
=336  \\$atext$2rdacontent
=337  \\$acomputer$2rdamedia
=338  \\$aonline$2rdacarrier
=650  \0$aWorld War, 1914-1918$xCampaigns$zAsia.
=655  \4$aBook
=859  \\$aXLD$bWW1
=852  4\$aBritish Library$bHMNTS$cDRT$jDigital Store 08023.dd.8.
=985  \\$aCorrected by BSS-generated file for WR# 11/160
=985  \\$aCorrected by MS generated file for WR# 12.037
=985  \\$aEnhanced by MS generated file for WR# 12/139
=985  \\$aEnhanced by MS generated file for WR# 13/021
=985  \\$aEnhanced by MS generated file for WR# 13/054
=985  \\$aCorrected by MS generated file for WR# 1805-0738
=CAT  \\$aBATCH-DCW$b00$c20131121$lBLL01$h1806
=CAT  \\$aWR14.046$c20140417$lBLL01$h1725
=CAT  \\$aWR13.144/5$c20140418$lBLL01$h1049
=CAT  \\$a1805-0738$c20181228$lBLL01$h1834
=CAT  \\$a1805-0738$b00$c20181228$lBLL01$h1918
=CAT  \\$aW2001-2376$c20200626$lBLL01$h1829
=FIN  \\$aY$d20131121
=LKR  \\$aPAR$lBLL01$r776$b001359949$mIndia's Imperial Partnership. Speeches of ... the Maharaja of Bikanir during his visit to England as one of the Indian delegates to the Imperial War Cabinet and the Imperial War Conference, 1917.$nIndia's Imperial Partnership. Speeches of ... the Maharaja of Bikanir during his visit to England as one of the Indian delegates to the Imperial War Cabinet and the Imperial War Conference, 1917.
=DGM  \\$a001359949$bCatBridge variable field
=DRT  \\$aWW1
=SRC  \\$aWW1$bEuropeana_Collections_1914-1918_Corrections
=OHC  \\$a2
=LAS  \\$aW2001-2376$b00$c20200626$lBLL01$h1829

