=LDR  02277 am a22005533  4500
=001  016549545
=003  Uk
=005  20200626182914.0
=007  cr\mn\024mpada
=008  940125|1917|||||||\\\\|s\\\\\|||\||eng\\
=FMT  \\$a  BK
=019  x\$a3100560043
=040  \\$aUk$cUk
=100  1\$aSpielmann, Isidore,$cSir,$d1854-1925.
=245  15$a[The Germans as others see them: an open letter to Herr Maximilian Harden.]
=250  \\$a[Another edition.] The Germans as others see them, etc. [With a frontispiece.]
=264  \1$c1917.
=300  \\$a19 pages ;$c(8º)
=336  \\$atext$2rdacontent
=337  \\$acomputer$2rdamedia
=338  \\$aonline$2rdacarrier
=650  \0$aWorld War, 1914-1918$xBritish propaganda.
=650  \0$aWorld War, 1914-1918$xPropaganda.
=655  \4$aBook
=787  0\$tThe Germans as others see them: an open letter to Herr Maximilian Harden.$w(Uk)MP1.0003699437$dpp. 18. W. Speight & Sons: London, 1917. 8º.
=859  \\$aXLD$bWW1
=852  4\$aBritish Library$bOC$cDRT$jDigital Store T 35152
=985  \\$aCorrected by BSS-generated file
=985  \\$aCorrected by BSS-generated file for WR# 11/211
=985  \\$aCorrected by MS generated file for WR# 12.037
=985  \\$aDisaggregated record: Type B
=985  \\$aEnhanced by MS generated file for WR# 13/021
=985  \\$aEnhanced by MS generated file for WR# 13/054
=985  \\$aCorrected by MS generated file for WR# 1805-0738
=CAT  \\$aBATCH-DCW$b00$c20131121$lBLL01$h1806
=CAT  \\$aBATCH-DCW$b00$c20131123$lBLL01$h2128
=CAT  \\$aWR14.046$c20140417$lBLL01$h1725
=CAT  \\$aWR13.144/5$c20140418$lBLL01$h1049
=CAT  \\$a1805-0738$c20181228$lBLL01$h1834
=CAT  \\$a1805-0738$b00$c20181228$lBLL01$h1918
=CAT  \\$aW2001-2376$c20200626$lBLL01$h1829
=FIN  \\$aY$d20131121
=LKR  \\$aPAR$lBLL01$r776$b003463327$m[The Germans as others see them: an open letter to Herr Maximilian Harden.]$n[The Germans as others see them: an open letter to Herr Maximilian Harden.]
=DGM  \\$a003463327$bCatBridge variable field
=DRT  \\$aWW1
=SRC  \\$aWW1$bEuropeana_Collections_1914-1918_20131008_1
=SRC  \\$aWW1$bEuropeana_Collections_1914-1918_Corrections
=OHC  \\$a2
=LAS  \\$aW2001-2376$b00$c20200626$lBLL01$h1829

