=LDR  01705 am a2200493 a 4500
=001  016549546
=003  Uk
=005  20131121180618.0
=007  cr\mn\024mpada
=008  780509s1920\\\\enkabc\\s\\\\\001\0\eng\d
=FMT  \\$a  BK
=010  \\$a20009729
=019  2\$aoc03878719
=019  u\$aG10693662
=019  x\$a1521290040
=040  \\$aDLC$cTWS$dTWS$dm/c$dBLX$dUk
=050  00$aD581
=082  04$a940.45
=100  1\$aHook, F. A.$q(Frederick Arthur),$d1864-1935.
=245  10$aMerchant adventurers, 1914-1918 /$cby F. A. Hook.
=260  \\$aLondon :$bA. & C. Black,$c1920.
=300  \\$aviii, 319 p. :$bports., maps ;$c22 cm.
=336  \\$atext$2rdacontent
=337  \\$acomputer$2rdamedia
=338  \\$aonline$2rdacarrier
=500  \\$a"Compilation of the war records of the P. and O., British India and associated lines".
=610  24$aBritish India Steam Navigation Company.
=610  24$aPeninsular and Oriental Steam Navigation Company.
=650  \0$aWorld War, 1914-1918$xCampaigns$zAsia.
=650  \0$aWorld War, 1914-1918$xNaval operations.
=655  \4$aPamphlet
=859  \\$aXLD$bWW1
=886  2\$2blmarc$a967$b00$gx
=852  4\$aBritish Library$bOC$cDRT$jDigital Store T 35177
=CAT  \\$aBATCH-DCW$b00$c20131121$lBLL01$h1806
=CAT  \\$aWR14.046$c20140417$lBLL01$h1725
=CAT  \\$aWR13.144/5$c20140418$lBLL01$h1049
=FIN  \\$aY$d20131121
=LKR  \\$aPAR$lBLL01$r776$b009292266$mMerchant adventurers, 1914-1918 /$nMerchant adventurers, 1914-1918 /
=DGM  \\$a009292266$bCatBridge variable field
=DRT  \\$aWW1
=SRC  \\$aWW1$bEuropeana_Collections_1914-1918_Corrections
=OHC  \\$a3
=LAS  \\$aWR13.144/5$b00$c20140418$lBLL01$h1049

