=LDR  01632 am a2200469 a 4500
=001  016549547
=003  Uk
=005  20131121180626.0
=007  cr\mn\024mpada
=008  020829s1915\\\\enk\\\\\s\\\\\000\0\eng\\
=FMT  \\$a  BK
=019  u\$aG11069399
=019  x\$a5000277597
=040  \\$aUK$cUk$dUk
=100  1\$aStreeter, Burnett Hillman,$d1874-1937.
=245  10$aWar, this war and the sermon on the mount /$cby B.H. Streeter.
=260  \\$aLondon :$bHumphrey Milford, Oxford University Press,$c1915.
=300  \\$a16 p. ;$c22 cm.
=336  \\$atext$2rdacontent
=337  \\$acomputer$2rdamedia
=338  \\$aonline$2rdacarrier
=490  0\$aPapers for war time ;$vno. 20
=500  \\$a"Second series".
=630  00$aSermon on the mount.
=650  \0$aWorld War, 1914-1918$xPropaganda.
=650  \0$aWorld War, 1914-1918$xReligious aspects$xChristianity.
=655  \4$aPamphlet
=859  \\$aXLD$bWW1
=852  4\$cDRT$jDigital Store W6/3142$aBritish Library$bDSC
=985  \\$aRecord merged by DQ team
=CAT  \\$aBATCH-DCW$b00$c20131121$lBLL01$h1806
=CAT  \\$aWR14.046$c20140417$lBLL01$h1725
=CAT  \\$aWR13.144/5$c20140418$lBLL01$h1049
=CAT  \\$aBATCH-RIGH$c20170607$lBLL01$h1816
=CAT  \\$aR1706-1834$c20170629$lBLL01$h1227
=FIN  \\$aY$d20131121
=LKR  \\$aPAR$lBLL01$r776$b004136191$mWar, this war and the sermon on the mount /$nWar, this war and the sermon on the mount /
=DGM  \\$a004136191$bCatBridge variable field
=DRT  \\$aWW1
=SRC  \\$aWW1$bEuropeana_Collections_1914-1918_Corrections
=OHC  \\$a2
=LAS  \\$aR1706-1834$b00$c20170629$lBLL01$h1227

