=LDR  01774 am a22004813  4500
=001  016550862
=003  Uk
=005  20200626182914.0
=007  cr\mn\024mpada
=008  871118|1917||||enk\\\\|s\\\\||||\||eng\\
=FMT  \\$a  BK
=019  x\$a023432001X
=040  \\$aUk$cUk
=245  14$aThe Condition of the Belgian Workmen now Refugees in England.
=264  \1$aLondon :$bT. Fisher Unwin,$c1917.
=300  \\$a15 pages ;$c(8º)
=336  \\$atext$2rdacontent
=337  \\$acomputer$2rdamedia
=338  \\$aonline$2rdacarrier
=650  \0$aWorld War, 1914-1918$zBelgium.
=655  \4$aBook
=720  \\$aBELGIAN WORKMEN$emain entry
=859  \\$aXLD$bWW1
=852  4\$cDRT$jDigital Store 08285.a.7.$aBritish Library$bHMNTS
=985  \\$aCorrected by BSS-generated file for WR# 11/211
=985  \\$aCorrected by MS generated file for WR# 12.037
=985  \\$aEnhanced by MS generated file for WR# 12/139
=985  \\$aCorrected by MS generated file for WR# 1805-0738
=CAT  \\$aBATCH-DCW$b00$c20131123$lBLL01$h2116
=CAT  \\$aWR14.046$c20140417$lBLL01$h1725
=CAT  \\$aWR13.144/5$c20140418$lBLL01$h1049
=CAT  \\$aBATCH-RIGH$c20170607$lBLL01$h1816
=CAT  \\$aR1706-1834$c20170629$lBLL01$h1227
=CAT  \\$a1805-0738$c20181228$lBLL01$h1834
=CAT  \\$a1805-0738$b00$c20181228$lBLL01$h1918
=CAT  \\$aW2001-2376$c20200626$lBLL01$h1829
=FIN  \\$aY$d20131123
=LKR  \\$aPAR$lBLL01$r776$b000255659$mThe Condition of the Belgian Workmen now Refugees in England.$nThe Condition of the Belgian Workmen now Refugees in England.
=DGM  \\$a000255659$bCatBridge variable field
=DRT  \\$aWW1
=SRC  \\$aWW1$bEuropeana_Collections_1914-1918_20131007_1
=OHC  \\$a1
=LAS  \\$aW2001-2376$b00$c20200626$lBLL01$h1829

