=LDR  01950 am a22004693  4500
=001  016550863
=003  Uk
=005  20131123211630.0
=007  cr\mn\024mpada
=008  880209|1917||||enk\\\\|s\\\\o|||\||eng\\
=FMT  \\$a  BK
=019  x\$a0523080204
=040  \\$aUk$cUk
=245  00$aCanada in khaki [no. 1]-3 :$bA tribute to the officers and men now serving in the Canadian expeditionary force ...
=260  \\$aLondon :$bPub. for the Canadian War Records Office by The Pictorial Newspaper Co. (1910), Ltd.,$c1917-1919.
=300  \\$a3 v. :$bill., plates (part col.), ports. ;$c28 cm.
=336  \\$atext$2rdacontent
=337  \\$acomputer$2rdamedia
=338  \\$aonline$2rdacarrier
=500  \\$aSubtitle varies slightly.
=650  \0$aRegimental histories.
=650  \0$aWorld War, 1914-1918$vPeriodicals.
=650  \0$aWorld War, 1914-1918$zCanada.
=650  \0$aWorld War, 1914-1918.
=655  \4$aBook
=710  2\$aCanadian War Records Office.
=859  \\$aXLD$bWW1
=852  4\$cDRT$jDigital Store 12355.k.23.$aBritish Library$bHMNTS
=985  \\$aCorrected by MS generated file for WR# 12.037
=985  \\$aEnhanced by MS generated file for WR# 12/139
=985  \\$aEnhanced by MS generated file for WR# 13/021
=985  \\$aEnhanced by MS generated file for WR# 13/054
=CAT  \\$aBATCH-DCW$b00$c20131123$lBLL01$h2116
=CAT  \\$aWR14.046$c20140417$lBLL01$h1725
=CAT  \\$aWR13.144/5$c20140418$lBLL01$h1049
=FIN  \\$aY$d20131123
=LKR  \\$aPAR$lBLL01$r776$b000588990$mCanada in khaki [no. 1]-3 : A tribute to the officers and men now serving in the Canadian expeditionary force ...$nCanada in khaki [no. 1]-3 : A tribute to the officers and men now serving in the Canadian expeditionary force ...
=DGM  \\$a000588990$bCatBridge variable field
=DRT  \\$aWW1
=SRC  \\$aWW1$bEuropeana_Collections_1914-1918_20131007_1
=OHC  \\$a1
=LAS  \\$aWR13.144/5$b00$c20140418$lBLL01$h1049

