=LDR  02221 am a22004933  4500
=001  016550865
=003  Uk
=005  20131123211630.0
=007  cr\mn\024mpada
=008  880908|1916||||enk\\\\|s\\\\\|||\||eng\\
=FMT  \\$a  BK
=019  x\$a1423480260
=040  \\$aUk$cUk
=100  1\$aHAY, A. W.,$cand HORAN (H. J.)
=245  10$aSyllabus of infantry training :$bas suggested by notes on company training issued by the General Staff and adopted by 52nd Overseas Battalion, Canadian Expeditionary Force /$ccompiled by A.W. Hay, and H.J. Horan.
=260  \\$aLondon [printed in Canada] :$bH. Rees,$c1916.
=300  \\$aiv, 145 p. ;$c20 cm.
=336  \\$atext$2rdacontent
=337  \\$acomputer$2rdamedia
=338  \\$aonline$2rdacarrier
=500  \\$aInterleaved.
=610  10$aCanada.$bCanadian Army.$bCanadian Expeditionary Force.
=610  10$aCanada.$bCanadian Army.$bInfantry$xDrill and tactics.
=650  \0$aWorld War, 1914-1918.
=655  \4$aBook
=700  1\$aHoran, H. J.
=859  \\$aXLD$bWW1
=886  2\$2blmarc$a709$b00$aHORAN$hH. J.$p8832.ee.19.$x1523380128
=852  4\$cDRT$jDigital Store 8832.ee.19.$aBritish Library$bHMNTS
=985  \\$aCorrected by MS generated file for WR# 12.037
=985  \\$aEnhanced by MS generated file for WR# 12/139
=985  \\$aEnhanced by MS generated file for WR# 13/021
=985  \\$aEnhanced by MS generated file for WR# 13/054
=CAT  \\$aBATCH-DCW$b00$c20131123$lBLL01$h2116
=CAT  \\$aWR14.046$c20140417$lBLL01$h1725
=CAT  \\$aWR13.144/5$c20140418$lBLL01$h1049
=CAT  \\$aBATCH-UPD$b00$c20150307$lBLL01$h1817
=FIN  \\$aY$d20131123
=LKR  \\$aPAR$lBLL01$r776$b001623826$mSyllabus of infantry training : as suggested by notes on company training issued by the General Staff and adopted by 52nd Overseas Battalion, Canadian Expeditionary Force /$nSyllabus of infantry training : as suggested by notes on company training issued by the General Staff and adopted by 52nd Overseas Battalion, Canadian Expeditionary Force /
=DGM  \\$a001623826$bCatBridge variable field
=DRT  \\$aWW1
=SRC  \\$aWW1$bEuropeana_Collections_1914-1918_20131007_1
=OHC  \\$a1
=LAS  \\$aBATCH-UPD$b00$c20150307$lBLL01$h1817

