=LDR  02161 am a22005173  4500
=001  016550866
=003  Uk
=005  20131123211630.0
=007  cr\mn\024mpada
=008  890130|1925||||enk\\\\|s\\\\\|||\||eng\\
=FMT  \\$a  BK
=019  x\$a1744340161
=040  \\$aUk$cUk
=100  1\$aCundall, Frank,$d1858-1937.
=245  10$aJamaica's part in the great war, 1914-1918 /$cby Frank Cundall; with a foreword by Brevet-Colonel Herbert Bryan ...
=260  \\$aLondon :$bPub. for the Institute of Jamaica by the West India Committee,$c1925.
=300  \\$a155 p. :$bill. (incl. maps), xii plates (incl. front., ports.) ;$c26 cm.
=336  \\$atext$2rdacontent
=337  \\$acomputer$2rdamedia
=338  \\$aonline$2rdacarrier
=500  \\$aIncludes "Obituary notices of commissioned officers" (p. 105-121) and lists of commissioned officers who served and of non-commissioned officers and men who died
=504  \\$a"Works consulted": p. 155
=650  \0$aRegimental histories.
=650  \0$aWorld War, 1914-1918$zJamaica
=650  \0$aWorld War, 1914-1918.
=655  \4$aBook
=710  2\$aInstitute of Jamaica.
=859  \\$aXLD$bWW1
=886  2\$2blmarc$a709$b00$aCUNDALL$hFrank$p09083.dd.32.$x0741700018
=852  4\$cDRT$jDigital Store 09083.dd.32.$aBritish Library$bHMNTS
=985  \\$aCorrected by BSS-generated file for WR# 11/031
=985  \\$aCorrected by MS generated file for WR# 12.037
=985  \\$aEnhanced by MS generated file for WR# 12/139
=985  \\$aEnhanced by MS generated file for WR# 13/021
=985  \\$aEnhanced by MS generated file for WR# 13/054
=CAT  \\$aBATCH-DCW$b00$c20131123$lBLL01$h2116
=CAT  \\$aWR14.046$c20140417$lBLL01$h1725
=CAT  \\$aWR13.144/5$c20140418$lBLL01$h1049
=CAT  \\$aBATCH-UPD$b00$c20150520$lBLL01$h1023
=FIN  \\$aY$d20131123
=LKR  \\$aPAR$lBLL01$r776$b001970682$mJamaica's part in the great war, 1914-1918 /$nJamaica's part in the great war, 1914-1918 /
=DGM  \\$a001970682$bCatBridge variable field
=DRT  \\$aWW1
=SRC  \\$aWW1$bEuropeana_Collections_1914-1918_20131007_1
=OHC  \\$a1
=LAS  \\$aBATCH-UPD$b00$c20150520$lBLL01$h1023

