=LDR  02245 am a22005893  4500
=001  016550867
=003  Uk
=005  20200626182914.0
=007  cr\mn\024mpada
=008  890127|1915||||enk\\\\|s\\\\\|||\||eng\\
=FMT  \\$a  BK
=019  x\$a1750320169
=040  \\$aUk$cUk
=100  1\$aKipling, Rudyard,$d1865-1936.
=240  10$aSingle Works
=245  10$aFrance at War.
=264  \1$aLondon :$bMacmillan & Co,$c1915.
=300  \\$a72 pages ;$c(8º)
=336  \\$atext$2rdacontent
=337  \\$acomputer$2rdamedia
=338  \\$aonline$2rdacarrier
=650  \0$aWorld War, 1914-1918$zFrance.
=655  \4$aBook
=775  0\$t[France at War.]$w(Uk)MP1.0002089761.1$dpp. 130. Doubleday, Page & Co.: Garden City, New York, 1915. 8º.
=775  0\$t[France at War.]$w(Uk)MP1.0002089761.2$dpp. 72. Macmillan & Co.: London, 1916. 8º.
=859  \\$aXLD$bWW1
=852  4\$cDRT$jDigital Store 9082.df.16.$aBritish Library$bHMNTS
=985  \\$aCorrected by BSS-generated file for WR# 11/211
=985  \\$aCorrected by MS generated file for WR# 12.037
=985  \\$aDisaggregated record: Type B
=985  \\$aEnhanced by MS generated file for WR# 12/139
=985  \\$aEnhanced by MS generated file for WR# 13/021
=985  \\$aEnhanced by MS generated file for WR# 13/054
=985  \\$aCorrected by MS generated file for WR# 1805-0738
=CAT  \\$aBATCH-DCW$b00$c20131123$lBLL01$h2116
=CAT  \\$aWR14.046$c20140417$lBLL01$h1725
=CAT  \\$aWR13.144/5$c20140418$lBLL01$h1049
=CAT  \\$aBATCH-UPD$b00$c20150520$lBLL01$h1027
=CAT  \\$aBATCH-RIGH$c20170607$lBLL01$h1816
=CAT  \\$aR1706-1834$c20170629$lBLL01$h1227
=CAT  \\$a1805-0738$c20181228$lBLL01$h1834
=CAT  \\$a1805-0738$b00$c20181228$lBLL01$h1918
=CAT  \\$aW2001-2376$c20200626$lBLL01$h1829
=FIN  \\$aY$d20131123
=LKR  \\$aPAR$b001972813$r775$mFrance at War.$n[France at War.]
=LKR  \\$aPAR$b001972814$r775$mFrance at War.$n[France at War.]
=LKR  \\$aPAR$lBLL01$r776$b001972812$mFrance at War.$nFrance at War.
=DGM  \\$a001972812$bCatBridge variable field
=DRT  \\$aWW1
=SRC  \\$aWW1$bEuropeana_Collections_1914-1918_20131007_1
=OHC  \\$a1
=LAS  \\$aW2001-2376$b00$c20200626$lBLL01$h1829

