=LDR  01841 am a22004933  4500
=001  016550868
=003  Uk
=005  20131123211630.0
=007  cr\mn\024mpada
=008  900207|1917||||xxc\\\\|s\\\\\|||\||fre\\
=FMT  \\$a  BK
=019  x\$a2830460294
=040  \\$aUk$cUk
=100  1\$aLemont, Arthur,$d1876-1932.
=245  10$aM. Henri Bourassa au service de l'Allemagne /$cE. Roux [i.e. Arthur Lemont].
=260  \\$a[Montréal? :$bs.n.,$c1917?]$e(Montréal :$fImpr. Perrault)
=300  \\$a58 p. ;$c23 cm.
=336  \\$atext$2rdacontent
=337  \\$acomputer$2rdamedia
=338  \\$aonline$2rdacarrier
=500  \\$aIntroduction daté: Montréal, 2 mai 1917.
=600  16$aBourassa, Henri,$d1868-1952.
=650  \0$aIntellectual life.
=650  \0$aWorld War, 1914-1918$xMoral and ethical aspects.
=650  \0$aWorld War, 1914-1918$zCanada.
=655  \4$aBook
=700  1\$aRoux, E.,$cpseud.
=859  \\$aXLD$bWW1
=886  2\$2blmarc$a709$b00$aBOURASSA$hHenri$pX.709/22600.$x0392110121
=852  4\$cDRT$jDigital Store X.709/22600.$aBritish Library$bHMNTS
=985  \\$aCorrected by MS generated file for WR# 12.037
=985  \\$aEnhanced by MS generated file for WR# 12/139
=985  \\$aEnhanced by MS generated file for WR# 13/021
=985  \\$aEnhanced by MS generated file for WR# 13/054
=CAT  \\$aBATCH-DCW$b00$c20131123$lBLL01$h2116
=CAT  \\$aWR14.046$c20140417$lBLL01$h1725
=CAT  \\$aWR13.144/5$c20140418$lBLL01$h1049
=FIN  \\$aY$d20131123
=LKR  \\$aPAR$lBLL01$r776$b003175179$mM. Henri Bourassa au service de l'Allemagne /$nM. Henri Bourassa au service de l'Allemagne /
=DGM  \\$a003175179$bCatBridge variable field
=DRT  \\$aWW1
=SRC  \\$aWW1$bEuropeana_Collections_1914-1918_20131007_1
=OHC  \\$a1
=LAS  \\$aWR13.144/5$b00$c20140418$lBLL01$h1049

