=LDR  01879 am a22004933  4500
=001  016550870
=003  Uk
=005  20200626182914.0
=007  cr\mn\024mpada
=008  870930|1919||||enk\\\\|s\\\\\|||\||eng\\
=FMT  \\$a  BK
=019  x\$a0102750041
=040  \\$aUk$cUk
=100  1\$aARCHER, William,$cCritic.
=245  10$aWar is War; or, the Germans in Belgium: a drama of 1914.
=264  \1$aLondon :$bBrentano's ;$aNew York :$bDuckworth & Co,$c1919.
=300  \\$ax, 117 pages ;$c(8º)
=336  \\$atext$2rdacontent
=337  \\$acomputer$2rdamedia
=338  \\$aonline$2rdacarrier
=650  \0$aWorld War, 1914-1918$xLiterature and the war.
=655  \4$aBook
=859  \\$aXLD$bWW1
=852  4\$cDRT$jDigital Store 011779.e.34.$aBritish Library$bHMNTS
=985  \\$aCorrected by MS generated file for WR# 12.037
=985  \\$aEnhanced by MS generated file for WR# 12/139
=985  \\$aEnhanced by MS generated file for WR# 13/021
=985  \\$aEnhanced by MS generated file for WR# 13/054
=985  \\$aCorrected by MS generated file for WR# 1805-0738
=CAT  \\$aBATCH-DCW$b00$c20131123$lBLL01$h2125
=CAT  \\$aBATCH-DCW$b00$c20131218$lBLL01$h1345
=CAT  \\$aWR14.046$c20140417$lBLL01$h1725
=CAT  \\$aWR13.144/5$c20140418$lBLL01$h1049
=CAT  \\$a1805-0738$c20181228$lBLL01$h1834
=CAT  \\$a1805-0738$b00$c20181228$lBLL01$h1918
=CAT  \\$aW2001-2376$c20200626$lBLL01$h1829
=FIN  \\$aY$d20131123
=LKR  \\$aPAR$lBLL01$r776$b000105553$mWar is War; or, the Germans in Belgium: a drama of 1914.$nWar is War; or, the Germans in Belgium: a drama of 1914.
=DGM  \\$a000105553$bCatBridge variable field
=DRT  \\$aWW1
=SRC  \\$aWW1$bEuropeana_Collections_1914-1918_20131008_1
=SRC  \\$aWW1$bEuropeana_Collections_1914-1918_20131209_1
=OHC  \\$a1
=LAS  \\$aW2001-2376$b00$c20200626$lBLL01$h1829

