=LDR  02339 am a22005413  4500
=001  016550871
=003  Uk
=005  20200626182914.0
=007  cr\mn\024mpada
=008  880603|1914||||enk\\\\|s\\\\\|||\||eng\\
=FMT  \\$a  BK
=019  x\$a0270750266
=040  \\$aUk$cUk
=100  1\$aBERNHARDI, Friedrich Adam Julius von.
=245  10$aCavalry. A popular edition of "Cavalry in War and Peace" ... Edited by A. H. Atteridge.
=264  \1$aLondon :$bHodder & Stoughton ;$bHugh Rees,$c1914.
=300  \\$axxiii, 208 pages ;$c(8º)
=336  \\$atext$2rdacontent
=337  \\$acomputer$2rdamedia
=338  \\$aonline$2rdacarrier
=650  \0$aWorld War, 1914-1918$xTransportation
=655  \4$aBook
=700  1\$aATTERIDGE, Andrew Hilliard.
=700  1\$aBRIDGES, George Tom Molesworth,$cSir,$cK.C.B.
=700  1\$aFrench, John Denton Pinkstone,$cEarl of Ypres,$d1852-1925.
=859  \\$aXLD$bWW1
=886  2\$2blmarc$a709$b00$aATTERIDGE$hAndrew Hilliard$p08821.de.70.$x0132620251
=886  2\$2blmarc$a709$b00$aBRIDGES$eSir$hGeorge Tom Molesworth$fK.C.B.$p08821.de.70.$x042275000X
=886  2\$2blmarc$a709$b00$aFRENCH$hJohn Denton Pinkstone$fEarl of Ypres$p08821.de.70.$x1161410015
=852  4\$cDRT$jDigital Store 08821.de.70.$aBritish Library$bHMNTS
=985  \\$aCorrected by MS generated file for WR# 12.037
=985  \\$aEnhanced by MS generated file for WR# 12/139
=985  \\$aEnhanced by MS generated file for WR# 13/021
=985  \\$aEnhanced by MS generated file for WR# 13/054
=985  \\$aCorrected by MS generated file for WR# 1805-0738
=CAT  \\$aBATCH-DCW$b00$c20131123$lBLL01$h2125
=CAT  \\$aWR14.046$c20140417$lBLL01$h1725
=CAT  \\$aWR13.144/5$c20140418$lBLL01$h1049
=CAT  \\$a1805-0738$c20181228$lBLL01$h1834
=CAT  \\$a1805-0738$b00$c20181228$lBLL01$h1918
=CAT  \\$aW2001-2376$c20200626$lBLL01$h1829
=FIN  \\$aY$d20131123
=LKR  \\$aPAR$lBLL01$r776$b000295153$mCavalry. A popular edition of "Cavalry in War and Peace" ... Edited by A. H. Atteridge.$nCavalry. A popular edition of "Cavalry in War and Peace" ... Edited by A. H. Atteridge.
=DGM  \\$a000295153$bCatBridge variable field
=DRT  \\$aWW1
=SRC  \\$aWW1$bEuropeana_Collections_1914-1918_20131008_1
=OHC  \\$a1
=LAS  \\$aW2001-2376$b00$c20200626$lBLL01$h1829

