=LDR  01435 am a22003613  4500
=001  016550872
=003  Uk
=005  20131123212512.0
=007  cr\mn\024mpada
=008  880127|1915|||||||\\\\|s\\\\\|||\||eng\\
=FMT  \\$a  BK
=019  x\$a0455030251
=040  \\$aUk$cUk
=100  1\$aBryce, James Bryce,$cViscount,$d1838-1922.
=245  14$aThe Armenian Massacres. (Lord Bryce's enlargement of his speech in the House of Lords on October 6th 1915.).
=336  \\$atext$2rdacontent
=337  \\$acomputer$2rdamedia
=338  \\$aonline$2rdacarrier
=580  \\$aIn: Toynbee (Arnold J.) Armenian Atrocities, etc. pp. 5-14. 1915. 8º.
=650  \0$aWorld War, 1914-1918$xAtrocities.
=655  \4$aBook
=859  \\$aXLD$bWW1
=852  4\$cDRT$jDigital Store 09059.df.26.$aBritish Library$bHMNTS
=CAT  \\$aBATCH-DCW$b00$c20131123$lBLL01$h2125
=CAT  \\$aWR14.046$c20140417$lBLL01$h1725
=CAT  \\$aWR13.144/5$c20140418$lBLL01$h1049
=FIN  \\$aY$d20131123
=LKR  \\$aPAR$lBLL01$r776$b000510992$mThe Armenian Massacres. (Lord Bryce's enlargement of his speech in the House of Lords on October 6th 1915.).$nThe Armenian Massacres. (Lord Bryce's enlargement of his speech in the House of Lords on October 6th 1915.).
=DGM  \\$a000510992$bCatBridge variable field
=DRT  \\$aWW1
=SRC  \\$aWW1$bEuropeana_Collections_1914-1918_20131008_1
=OHC  \\$a1
=LAS  \\$aWR13.144/5$b00$c20140418$lBLL01$h1049

