=LDR  02004 am a22005053  4500
=001  016550873
=003  Uk
=005  20200626182914.0
=007  cr\mn\024mpada
=008  880330|1918||||enk\\\\|s\\\\\|||\||eng\\
=FMT  \\$a  BK
=019  x\$a0471480096
=040  \\$aUk$cUk
=100  1\$aBULL, Paul Bertie.
=245  10$aChristianity and War: an appeal to conscientious objectors, etc. (Reprinted from "Peace and War.").
=264  \1$aLondon :$bS.P.C.K.,$c1918.
=300  \\$a32 pages ;$c(8º)
=336  \\$atext$2rdacontent
=337  \\$acomputer$2rdamedia
=338  \\$aonline$2rdacarrier
=650  \0$aConscientious objection.
=655  \4$aJournal
=859  \\$aXLD$bWW1
=852  4\$cDRT$jDigital Store 8425.pp.14.$aBritish Library$bHMNTS
=985  \\$aCorrected by BSS-generated file for WR# 11/211
=985  \\$aCorrected by MS generated file for WR# 12.037
=985  \\$aEnhanced by MS generated file for WR# 12/139
=985  \\$aEnhanced by MS generated file for WR# 13/021
=985  \\$aEnhanced by MS generated file for WR# 13/054
=985  \\$aCorrected by MS generated file for WR# 1805-0738
=CAT  \\$aBATCH-DCW$b00$c20131123$lBLL01$h2125
=CAT  \\$aWR14.046$c20140417$lBLL01$h1725
=CAT  \\$aWR13.144/5$c20140418$lBLL01$h1049
=CAT  \\$aBATCH-RIGH$c20170607$lBLL01$h1816
=CAT  \\$aR1706-1834$c20170629$lBLL01$h1227
=CAT  \\$a1805-0738$c20181228$lBLL01$h1834
=CAT  \\$a1805-0738$b00$c20181228$lBLL01$h1918
=CAT  \\$aW2001-2376$c20200626$lBLL01$h1829
=FIN  \\$aY$d20131123
=LKR  \\$aPAR$lBLL01$r776$b000526560$mChristianity and War: an appeal to conscientious objectors, etc. (Reprinted from "Peace and War.").$nChristianity and War: an appeal to conscientious objectors, etc. (Reprinted from "Peace and War.").
=DGM  \\$a000526560$bCatBridge variable field
=DRT  \\$aWW1
=SRC  \\$aWW1$bEuropeana_Collections_1914-1918_20131008_1
=OHC  \\$a1
=LAS  \\$aW2001-2376$b00$c20200626$lBLL01$h1829

