=LDR  01944 am a22004573  4500
=001  016550874
=003  Uk
=005  20200626182914.0
=007  cr\mn\024mpada
=008  880208|1915||||enk\\\\|s\\\\\|||\||eng\\
=FMT  \\$a  BK
=019  x\$a0504170082
=040  \\$aUk$cUk
=100  1\$aCAINE, Thomas Henry Hall,$cSir,$cK.B.E.
=245  14$aThe Drama of Three Hundred & Sixty-Five Days. Scenes in the Great War, etc. (Reprinted, with certain additions, from "The Daily Telegraph.").
=264  \1$aLondon :$bWilliam Heinemann,$c1915.
=300  \\$a126 pages ;$c(8º)
=336  \\$atext$2rdacontent
=337  \\$acomputer$2rdamedia
=338  \\$aonline$2rdacarrier
=650  \0$aWorld War, 1914-1918$xPropaganda.
=655  \4$aBook
=859  \\$aXLD$bWW1
=852  4\$cDRT$jDigital Store 9082.f.36.$aBritish Library$bHMNTS
=985  \\$aCorrected by BSS-generated file for WR# 11/048
=985  \\$aCorrected by MS generated file for WR# 12.037
=985  \\$aEnhanced by MS generated file for WR# 12/139
=985  \\$aCorrected by MS generated file for WR# 1805-0738
=CAT  \\$aBATCH-DCW$b00$c20131123$lBLL01$h2125
=CAT  \\$aWR14.046$c20140417$lBLL01$h1725
=CAT  \\$aWR13.144/5$c20140418$lBLL01$h1049
=CAT  \\$a1805-0738$c20181228$lBLL01$h1834
=CAT  \\$a1805-0738$b00$c20181228$lBLL01$h1918
=CAT  \\$aW2001-2376$c20200626$lBLL01$h1829
=FIN  \\$aY$d20131123
=LKR  \\$aPAR$lBLL01$r776$b000567588$mThe Drama of Three Hundred & Sixty-Five Days. Scenes in the Great War, etc. (Reprinted, with certain additions, from "The Daily Telegraph.").$nThe Drama of Three Hundred & Sixty-Five Days. Scenes in the Great War, etc. (Reprinted, with certain additions, from "The Daily Telegraph.").
=DGM  \\$a000567588$bCatBridge variable field
=DRT  \\$aWW1
=SRC  \\$aWW1$bEuropeana_Collections_1914-1918_20131008_1
=OHC  \\$a1
=LAS  \\$aW2001-2376$b00$c20200626$lBLL01$h1829

