=LDR  02399 am a22005413  4500
=001  016550875
=003  Uk
=005  20200626182914.0
=007  cr\mn\024mpada
=008  880328|1915||||enk\\\\|s\\\\\|||\||eng\\
=FMT  \\$a  BK
=019  x\$a0732050022
=040  \\$aUk$cUk
=100  1\$aCROSLAND, Thomas William Hodgson.
=245  10$aFind the Angels. The Showmen: a legend of the war, etc. [A parody of "The Angels of Mons. The Bowman, and other legends of the war," by Arthur L. J. Machen.]
=264  \1$aLondon :$bT. Werner Laurie,$c1915.
=300  \\$a95 pages ;$c(8º)
=336  \\$atext$2rdacontent
=337  \\$acomputer$2rdamedia
=338  \\$aonline$2rdacarrier
=650  \0$aWorld War, 1914-1918$xPropaganda.
=655  \4$aPamphlet
=700  1\$aMachen, Arthur,$d1863-1947.
=859  \\$aXLD$bWW1
=886  2\$2blmarc$a709$b00$aMACHEN$hArthur Llewellyn Jones$p012330.e.93.$x2053730307
=852  4\$cDRT$jDigital Store 012330.e.93.$aBritish Library$bHMNTS
=985  \\$aCorrected by BSS-generated file for WR# 11/211
=985  \\$aCorrected by MS generated file for WR# 12.037
=985  \\$aEnhanced by MS generated file for WR# 12/139
=985  \\$aEnhanced by MS generated file for WR# 13/021
=985  \\$aEnhanced by MS generated file for WR# 13/054
=985  \\$aCorrected by MS generated file for WR# 1805-0738
=CAT  \\$aBATCH-DCW$b00$c20131123$lBLL01$h2125
=CAT  \\$aWR14.046$c20140417$lBLL01$h1725
=CAT  \\$aWR13.144/5$c20140418$lBLL01$h1049
=CAT  \\$aBATCH-UPD$b00$c20150520$lBLL01$h1027
=CAT  \\$aBATCH-RIGH$c20170607$lBLL01$h1816
=CAT  \\$aR1706-1834$c20170629$lBLL01$h1227
=CAT  \\$a1805-0738$c20181228$lBLL01$h1834
=CAT  \\$a1805-0738$b00$c20181228$lBLL01$h1918
=CAT  \\$aW2001-2376$c20200626$lBLL01$h1829
=FIN  \\$aY$d20131123
=LKR  \\$aPAR$lBLL01$r776$b000825458$mFind the Angels. The Showmen: a legend of the war, etc. [A parody of "The Angels of Mons. The Bowman, and other legends of the war," by Arthur L. J. Machen.]$nFind the Angels. The Showmen: a legend of the war, etc. [A parody of "The Angels of Mons. The Bowman, and other legends of the war," by Arthur L. J. Machen.]
=DGM  \\$a000825458$bCatBridge variable field
=DRT  \\$aWW1
=SRC  \\$aWW1$bEuropeana_Collections_1914-1918_20131008_1
=OHC  \\$a1
=LAS  \\$aW2001-2376$b00$c20200626$lBLL01$h1829

