=LDR  01674 am a22004333  4500
=001  016550876
=003  Uk
=005  20200626182914.0
=007  cr\mn\024mpada
=008  880705|1917|||||||\\\\|s\\\\\|||\||eng\\
=FMT  \\$a  BK
=019  x\$a1040600182
=040  \\$aUk$cUk
=100  1\$aEVANS, Richardson.
=245  14$aThe Conditions of Social Well-being considered in the Light of the War. (Wimbledon Industrial Conference.).
=264  \1$aWimbledon :$bE. Trim & Co,$c[1917]
=300  \\$a56 pages ;$c(8º)
=336  \\$atext$2rdacontent
=337  \\$acomputer$2rdamedia
=338  \\$aonline$2rdacarrier
=650  \0$aWorld War, 1914-1918.
=655  \4$aBook
=859  \\$aXLD$bWW1
=852  4\$cDRT$jDigital Store 8288.aaa.53.$aBritish Library$bHMNTS
=985  \\$aCorrected by BSS-generated file for WR# 11/160
=985  \\$aCorrected by MS generated file for WR# 1805-0738
=CAT  \\$aBATCH-DCW$b00$c20131123$lBLL01$h2125
=CAT  \\$aWR14.046$c20140417$lBLL01$h1725
=CAT  \\$aWR13.144/5$c20140418$lBLL01$h1049
=CAT  \\$a1805-0738$c20181228$lBLL01$h1834
=CAT  \\$a1805-0738$b00$c20181228$lBLL01$h1918
=CAT  \\$aW2001-2376$c20200626$lBLL01$h1829
=FIN  \\$aY$d20131123
=LKR  \\$aPAR$lBLL01$r776$b001178729$mThe Conditions of Social Well-being considered in the Light of the War. (Wimbledon Industrial Conference.).$nThe Conditions of Social Well-being considered in the Light of the War. (Wimbledon Industrial Conference.).
=DGM  \\$a001178729$bCatBridge variable field
=DRT  \\$aWW1
=SRC  \\$aWW1$bEuropeana_Collections_1914-1918_20131008_1
=OHC  \\$a1
=LAS  \\$aW2001-2376$b00$c20200626$lBLL01$h1829

