=LDR  02250 am a22005413  4500
=001  016550879
=003  Uk
=005  20200626182914.0
=007  cr\mn\024mpada
=008  960612|1922||||xxu\\\\|s\\\\||||\||eng\\
=FMT  \\$a  BK
=019  x\$a1224500199
=040  \\$aUk$cUk
=245  10$aGerman Reparations, Budget, and Foreign Trade. By C. E. Herring ... Maurice Parmelee ... Robert J. Scovell.
=264  \1$aWashington,$c1922.
=300  \\$aii, 37 pages ;$c(8º)
=336  \\$atext$2rdacontent
=337  \\$acomputer$2rdamedia
=338  \\$aonline$2rdacarrier
=490  0\$a[U.S. Bureau of Foreign and Domestic Commerce. Trade Information Bulletin. no. 40.]
=650  \0$aWorld War, 1914-1918$xEconomic aspects.
=655  \4$aBook
=700  1\$aHERRING, Charles Eldred.
=700  1\$aPARMELEE, Maurice Farr.
=700  1\$aSCOVELL, Robert J.
=720  \\$aGERMAN REPARATIONS$emain entry
=859  \\$aXLD$bWW1
=886  2\$2blmarc$a709$b00$aHERRING$hCharles Eldred$pA.S.128/3.$x1463110030
=886  2\$2blmarc$a709$b00$aPARMELEE$hMaurice Farr$pA.S.128/3.$x2481050053
=852  4\$cDRT$jDigital Store A.S.128/3.$aBritish Library$bHMNTS
=985  \\$aCorrected by BSS-generated file for WR# 11/048
=985  \\$aEnhanced by MS generated file for WR# 12/139
=985  \\$aEnhanced by MS generated file for WR# 13/021
=985  \\$aEnhanced by MS generated file for WR# 13/054
=985  \\$aCorrected by MS generated file for WR# 1805-0738
=CAT  \\$aBATCH-DCW$b00$c20131123$lBLL01$h2125
=CAT  \\$aWR14.046$c20140417$lBLL01$h1725
=CAT  \\$aWR13.144/5$c20140418$lBLL01$h1049
=CAT  \\$a1805-0738$c20181228$lBLL01$h1834
=CAT  \\$a1805-0738$b00$c20181228$lBLL01$h1918
=CAT  \\$aW2001-2376$c20200626$lBLL01$h1829
=FIN  \\$aY$d20131123
=LKR  \\$aPAR$lBLL01$r776$b001398219$mGerman Reparations, Budget, and Foreign Trade. By C. E. Herring ... Maurice Parmelee ... Robert J. Scovell.$nGerman Reparations, Budget, and Foreign Trade. By C. E. Herring ... Maurice Parmelee ... Robert J. Scovell.
=DGM  \\$a001398219$bCatBridge variable field
=DRT  \\$aWW1
=SRC  \\$aWW1$bEuropeana_Collections_1914-1918_20131008_1
=OHC  \\$a1
=LAS  \\$aW2001-2376$b00$c20200626$lBLL01$h1829

