=LDR  02286 am a22005053  4500
=001  016550881
=003  Uk
=005  20200626182914.0
=007  cr\mn\024mpada
=008  881005|1916||||enk\\\\|s\\\\\|||\||eng\\
=FMT  \\$a  BK
=019  x\$a1530480116
=040  \\$aUk$cUk
=100  1\$aHORNIMAN, Roy.
=245  10$aHow to make the Railways pay for the War; or, the transport problem solved ... With 22 illustrations, plans and diagrams. With an introduction by Lord Headley.
=264  \1$aLondon :$bG. Routledge & Sons,$c1916.
=300  \\$axx, 348 pages ;$c(8º)
=336  \\$atext$2rdacontent
=337  \\$acomputer$2rdamedia
=338  \\$aonline$2rdacarrier
=650  \0$aWorld War, 1914-1918$xTransportation
=655  \4$aBook
=700  1\$aHeadley, Rowland George Allanson-Winn,$cBaron,$d1855-1935.
=859  \\$aXLD$bWW1
=886  2\$2blmarc$a709$b00$aWINN$hRowland George Allanson Allanson$f5th Baron Headley$p08235.bb.38.$x3532890275
=852  4\$cDRT$jDigital Store 08235.bb.38.$aBritish Library$bHMNTS
=985  \\$aCorrected by BSS-generated file for WR# 11/216
=985  \\$aCorrected by MS generated file for WR# 12.037
=985  \\$aEnhanced by MS generated file for WR# 12/139
=985  \\$aEnhanced by MS generated file for WR# 13/021
=985  \\$aEnhanced by MS generated file for WR# 13/054
=985  \\$aCorrected by MS generated file for WR# 1805-0738
=CAT  \\$aBATCH-DCW$b00$c20131123$lBLL01$h2125
=CAT  \\$aWR14.046$c20140417$lBLL01$h1725
=CAT  \\$aWR13.144/5$c20140418$lBLL01$h1049
=CAT  \\$a1805-0738$c20181228$lBLL01$h1834
=CAT  \\$a1805-0738$b00$c20181228$lBLL01$h1918
=CAT  \\$aW2001-2376$c20200626$lBLL01$h1829
=FIN  \\$aY$d20131123
=LKR  \\$aPAR$lBLL01$r776$b001737232$mHow to make the Railways pay for the War; or, the transport problem solved ... With 22 illustrations, plans and diagrams. With an introduction by Lord Headley.$nHow to make the Railways pay for the War; or, the transport problem solved ... With 22 illustrations, plans and diagrams. With an introduction by Lord Headley.
=DGM  \\$a001737232$bCatBridge variable field
=DRT  \\$aWW1
=SRC  \\$aWW1$bEuropeana_Collections_1914-1918_20131008_1
=OHC  \\$a1
=LAS  \\$aW2001-2376$b00$c20200626$lBLL01$h1829

