=LDR  01818 am a22004693  4500
=001  016550883
=003  Uk
=005  20200626182915.0
=007  cr\mn\024mpada
=008  881104|1923||||enk\\\\|s\\\\\|||\||eng\\
=FMT  \\$a  BK
=019  x\$a1562400258
=040  \\$aUk$cUk
=100  1\$aHUSKINSON, Thomas William.
=245  10$aFarming-Exchange-and Reparations ... Reprinted from "The Land Agents' Record," etc.
=264  \1$aLondon :$bLoxley Bros,$c[1923]
=300  \\$a15 pages ;$c(8º)
=336  \\$atext$2rdacontent
=337  \\$acomputer$2rdamedia
=338  \\$aonline$2rdacarrier
=650  \0$aWorld War, 1914-1918$xEconomic aspects.
=655  \4$aBook
=859  \\$aXLD$bWW1
=852  4\$cDRT$jDigital Store 08229.b.32.$aBritish Library$bHMNTS
=985  \\$aCorrected by BSS-generated file for WR# 11/160
=985  \\$aEnhanced by MS generated file for WR# 12/139
=985  \\$aEnhanced by MS generated file for WR# 13/021
=985  \\$aEnhanced by MS generated file for WR# 13/054
=985  \\$aCorrected by MS generated file for WR# 1805-0738
=CAT  \\$aBATCH-DCW$b00$c20131123$lBLL01$h2125
=CAT  \\$aWR14.046$c20140417$lBLL01$h1725
=CAT  \\$aWR13.144/5$c20140418$lBLL01$h1049
=CAT  \\$a1805-0738$c20181228$lBLL01$h1834
=CAT  \\$a1805-0738$b00$c20181228$lBLL01$h1918
=CAT  \\$aW2001-2376$c20200626$lBLL01$h1829
=FIN  \\$aY$d20131123
=LKR  \\$aPAR$lBLL01$r776$b001775945$mFarming-Exchange-and Reparations ... Reprinted from "The Land Agents' Record," etc.$nFarming-Exchange-and Reparations ... Reprinted from "The Land Agents' Record," etc.
=DGM  \\$a001775945$bCatBridge variable field
=DRT  \\$aWW1
=SRC  \\$aWW1$bEuropeana_Collections_1914-1918_20131008_1
=OHC  \\$a1
=LAS  \\$aW2001-2376$b00$c20200626$lBLL01$h1829

