=LDR  02029 am a22005053  4500
=001  016550885
=003  Uk
=005  20200626182915.0
=007  cr\mn\024mpada
=008  890524|1914||||enk\\\\|s\\\\\|||\||eng\\
=FMT  \\$a  BK
=019  x\$a1894920015
=040  \\$aUk$cUk
=100  1\$aLe Queux, William,$d1864-1927.
=245  10$a[German Atrocities: a record of shameless deeds. [With illustrations.]]
=250  \\$a[Another edition.] German Atrocities, etc. [Enlarged.]
=264  \1$aLondon :$bG. Newnes,$c[1914]
=300  \\$a128 pages ;$c(8º)
=336  \\$atext$2rdacontent
=337  \\$acomputer$2rdamedia
=338  \\$aonline$2rdacarrier
=650  \0$aWorld War, 1914-1918$xAtrocities.
=655  \4$aBook
=787  0\$tGerman Atrocities: a record of shameless deeds. [With illustrations.]$w(Uk)MP1.0002269185$dpp. 40. G. Newnes: London, [1914.] 4º.
=859  \\$aXLD$bWW1
=852  4\$cDRT$jDigital Store 9082.de.4.$aBritish Library$bHMNTS
=985  \\$aCorrected by BSS-generated file for WR# 11/160
=985  \\$aDisaggregated record: Type B
=985  \\$aEnhanced by MS generated file for WR# 12/139
=985  \\$aEnhanced by MS generated file for WR# 13/021
=985  \\$aEnhanced by MS generated file for WR# 13/054
=985  \\$aCorrected by MS generated file for WR# 1805-0738
=CAT  \\$aBATCH-DCW$b00$c20131123$lBLL01$h2125
=CAT  \\$aWR14.046$c20140417$lBLL01$h1725
=CAT  \\$aWR13.144/5$c20140418$lBLL01$h1049
=CAT  \\$a1805-0738$c20181228$lBLL01$h1834
=CAT  \\$a1805-0738$b00$c20181228$lBLL01$h1918
=CAT  \\$aW2001-2376$c20200626$lBLL01$h1829
=FIN  \\$aY$d20131123
=LKR  \\$aPAR$lBLL01$r776$b002139024$m[German Atrocities: a record of shameless deeds. [With illustrations.]]$n[German Atrocities: a record of shameless deeds. [With illustrations.]]
=DGM  \\$a002139024$bCatBridge variable field
=DRT  \\$aWW1
=SRC  \\$aWW1$bEuropeana_Collections_1914-1918_20131008_1
=OHC  \\$a1
=LAS  \\$aW2001-2376$b00$c20200626$lBLL01$h1829

