=LDR  02040cam a22005533  4500
=001  016550886
=003  Uk
=005  20200626182915.0
=007  cr\mn\024mpada
=008  890504|1916||||enk\\\\|s\\\\\|||\||eng\\
=FMT  \\$a  BK
=019  x\$a1973670178
=040  \\$aUk$cUk
=110  2\$aCobden Club (London, England)
=245  10$aShipping after the War.
=264  \1$aLondon,$c1916.
=300  \\$a39 pages ;$c(8º)
=336  \\$atext$2rdacontent
=337  \\$acomputer$2rdamedia
=338  \\$aonline$2rdacarrier
=650  \0$aWorld War, 1914-1918$xEconomic aspects.
=655  \4$aBook
=700  1\$aRobertson, J. M.$q(John Mackinnon),$d1856-1933.
=859  \\$aXLD$bWW1
=886  2\$2blmarc$a709$b00$aROBERTSON$eRight Hon.$hJohn Mackinnon$p08227.e.68.$x2774660181
=852  4\$cDRT$jDigital Store 08227.e.68.$aBritish Library$bHMNTS
=985  \\$aCorrected by BSS-generated file for WR# 11/031
=985  \\$aCorrected by MS generated file for WR# 12.037
=985  \\$aEnhanced by MS generated file for WR# 12/139
=985  \\$aEnhanced by MS generated file for WR# 13/021
=985  \\$aEnhanced by MS generated file for WR# 13/054
=985  \\$aCorrected by MS generated file for WR# 1805-0738
=CAT  \\$aBATCH-DCW$b00$c20131123$lBLL01$h2125
=CAT  \\$aWR14.046$c20140417$lBLL01$h1725
=CAT  \\$aWR13.144/5$c20140418$lBLL01$h1049
=CAT  \\$aBATCH-UPD$b00$c20150520$lBLL01$h1025
=CAT  \\$aBATCH-RIGH$c20170607$lBLL01$h1816
=CAT  \\$aR1706-1834$c20170629$lBLL01$h1227
=CAT  \\$a1805-0738$c20181228$lBLL01$h1834
=CAT  \\$a1805-0738$b00$c20181228$lBLL01$h1918
=CAT  \\$aW2001-2376$c20200626$lBLL01$h1829
=CAT  \\$aBATCH-UPD$b00$c20230112$lBLL01$h2022
=FIN  \\$aY$d20131123
=LKR  \\$aPAR$lBLL01$r776$b002226458$mShipping after the War.$nShipping after the War.
=DGM  \\$a002226458$bCatBridge variable field
=DRT  \\$aWW1
=SRC  \\$aWW1$bEuropeana_Collections_1914-1918_20131008_1
=OHC  \\$a1
=LAS  \\$aBATCH-UPD$b00$c20230112$lBLL01$h2022

