=LDR  04526 am a22005773  4500
=001  016550887
=003  Uk
=005  20200626182915.0
=007  cr\mn\024mpada
=008  890405|1915||||enk\\\\|s\\\\\|||\||eng\\
=FMT  \\$a  BK
=019  x\$a1983330213
=040  \\$aUk$cUk$dUk
=110  2\$aNo-Conscription Fellowship.
=245  10$a[Miscellaneous publications.]
=264  \1$aLondon,$c[1915-1918]
=300  \\$c(8º & folio)
=336  \\$atext$2rdacontent
=337  \\$acomputer$2rdamedia
=338  \\$aonline$2rdacarrier
=505  0\$aDear Comrade [published letter] (1916) -- Manifesto (1915) -- Shall Britons Be Conscripts? [2 copies] (1916) -- Fellow Members, The Conscription Bill [published letter] (1916) -- The Shadow Behind the Bill - The "Manchester Guardian's View" (1916) -- Dear Sir, The recent Convention [published letter] (1915) -- Dear Sir or Madam, You are aware [published letter] (1915) -- Dear Sir, In view of [published letter] (1915) -- Fellow Members, We offer the following [published letter] (1916) -- Rt. Hon. H.H. Asquith, M.P.: Sir, We consider it our duty [published letter] (1916) -- Fellow Members, You should read [published letter] (1916) -- Fellow Members, The No-Conscription Fellowship has been [published letter] (1916) -- Summary of the Military Service (No. 2) Act, To be despatched with circular dated January 31st, 1916 -- Fellow Members, The following suggestions are sent [published letter] (1916) -- Dear Sir or Madam, The time has come when it is necessary [published letter] (1916) -- Rt. Hon. H.H. Asquith, M.P.: Sir, We are instructed to bring [published letter] (1916) -- Sir, Under their latest scheme for dealing with the problem [published letter] (1916) -- Christ and Peace...Do you believe this? Leaflet No. 2 (1917)
=505  0\$aNational Convention, The Memorial Hall, Agenda, Saturday, April 8, 1916 -- An Early Conscientious Objector, A Story for Easter, 1916, Maximilian The Conscientious Objector and Conscription, Sir, Having regard [published letter] (1916) -- Repeal the Act, Fellow Citizens, Conscription is now law [published letter] (1916) -- Manifesto of the Absolutists at Wakefield (1918) -- Clifford Allen: Why I Still Resist, Leaflet No. 5 (1917) -- The Court-Martial Friend and Prison Guide (1916) -- Dear Friend, It is again necessary to make an urgent appeal [published letter] (1918) -- J.A. Symonds: [untitled poem for] No-Conscription Fellowship Convention, November 27th, 1915 -- Membership Form (1916) -- Married Men Next! The Thin End of the Wedge Repeal the Act! (1916) -- Robert Smillie, To Miners! Leaflet No. 4 (1917) -- National Convention, The Memorial Hall, Agenda, Saturday, November 27, 1915 -- In 1854-6, 20,000 Englishmen laid down their lives, During 1914-16, over 250,000 Englishmen have given their lives , Leaflet No. 3 (1916) -- Why We Object (1916) -- Compulsory Military and Alternative Services and the Conscientious Objector (1916) The Position of the Conscientious Objector (1916) -- A Record of Its Activities, The Purpose of the No-Conscription Fellowship (1916)
=650  \0$aWorld War, 1914-1918$xPropaganda.
=655  \4$aPamphlet
=700  1\$aAllen, Clifford,$d1889-1939.
=700  1\$aBrockway, Fenner,$d1888-1988.
=700  1\$aGrubb, Edward,$d1854-1939.
=859  \\$aXLD$bWW1
=852  4\$cDRT$jDigital Store 8139.k.17.$aBritish Library$bHMNTS
=985  \\$aCorrected by MS generated file for WR# 12.037
=985  \\$aEnhanced by MS generated file for WR# 12/139
=985  \\$aEnhanced by MS generated file for WR# 13/021
=985  \\$aEnhanced by MS generated file for WR# 13/054
=985  \\$aCorrected by MS generated file for WR# 1805-0738
=CAT  \\$aBATCH-DCW$b00$c20131123$lBLL01$h2125
=CAT  \\$aBATCH-DCW$b40$c20131127$lBLL01$h1451
=CAT  \\$aWR14.046$c20140417$lBLL01$h1725
=CAT  \\$aWR13.144/5$c20140418$lBLL01$h1049
=CAT  \\$aBATCH-UPD$b00$c20150520$lBLL01$h1028
=CAT  \\$aBATCH-RIGH$c20170607$lBLL01$h1816
=CAT  \\$aR1706-1834$c20170629$lBLL01$h1227
=CAT  \\$a1805-0738$c20181228$lBLL01$h1834
=CAT  \\$a1805-0738$b00$c20181228$lBLL01$h1918
=CAT  \\$aW2001-2376$c20200626$lBLL01$h1829
=FIN  \\$aY$d20131123
=LKR  \\$aPAR$lBLL01$r776$b002238533$m[Miscellaneous publications.]$n[Miscellaneous publications.]
=DGM  \\$a002238533$bCatBridge variable field
=DRT  \\$aWW1
=SRC  \\$aWW1$bEuropeana_Collections_1914-1918_20131008_1
=OHC  \\$a1
=LAS  \\$aW2001-2376$b00$c20200626$lBLL01$h1829

