=LDR  01760cam a22005053  4500
=001  016550888
=003  Uk
=005  20220809123712.0
=007  cr\mn\024mpada
=008  890721s1914\\\\enk\\\\\s\\\\\|||\||eng\\
=FMT  \\$a  BK
=019  x\$a1990290019
=040  \\$aUk$cUk
=100  10$aMacnab, William.
=245  10$aLectures on explosives /$cby William Macnab.
=264  \1$aLondon,$c1914.
=300  \\$a67 pages ;$c(8º)
=336  \\$atext$2rdacontent
=337  \\$acomputer$2rdamedia
=338  \\$aonline$2rdacarrier
=650  \0$aExplosives.
=710  2\$aRoyal Institute of Chemistry.
=859  \\$aXLD$bWW1
=852  4\$cDRT$jDigital Store 8906.ff.22.$aBritish Library$bHMNTS
=985  \\$aCorrected by BSS-generated file for WR# 11/031
=985  \\$aEnhanced by MS generated file for WR# 12/139
=985  \\$aEnhanced by MS generated file for WR# 13/021
=985  \\$aEnhanced by MS generated file for WR# 13/054
=985  \\$aCorrected by MS generated file for WR# 1805-0738
=CAT  \\$aBATCH-DCW$b00$c20131123$lBLL01$h2125
=CAT  \\$aWR14.046$c20140417$lBLL01$h1725
=CAT  \\$aWR13.144/5$c20140418$lBLL01$h1049
=CAT  \\$aBATCH-RIGH$c20170607$lBLL01$h1816
=CAT  \\$aR1706-1834$c20170629$lBLL01$h1227
=CAT  \\$a1805-0738$c20181228$lBLL01$h1834
=CAT  \\$a1805-0738$b00$c20181228$lBLL01$h1918
=CAT  \\$aW2001-2376$c20200626$lBLL01$h1829
=CAT  \\$a8874$b40$c20220809$lBLL01$h1237
=FIN  \\$aY$d20131123
=LKR  \\$aPAR$lBLL01$r776$b002242566$mLectures on Explosives.$nLectures on Explosives.
=DGM  \\$a002242566$bCatBridge variable field
=DRT  \\$aWW1
=SRC  \\$aWW1$bEuropeana_Collections_1914-1918_20131008_1
=OHC  \\$a1
=LAS  \\$a8874$b40$c20220809$lBLL01$h1237

