=LDR  02084 am a22005173  4500
=001  016550890
=003  Uk
=005  20200626182915.0
=007  cr\mn\024mpada
=008  890620|1917||||sa\\\\\|s\\\\\|||\||eng\\
=FMT  \\$a  BK
=019  x\$a2230260189
=040  \\$aUk$cUk
=100  1\$aMIRMAN, Léon.
=245  10$aGerman Atrocities. By L. Mirman ... G. Simon ... G. Keller ... Translated from the French.
=264  \1$aCape Town :$bJ. C. Juta & Co,$c[1917]
=300  \\$a56 pages ;$c(8º)
=336  \\$atext$2rdacontent
=337  \\$acomputer$2rdamedia
=338  \\$aonline$2rdacarrier
=650  \0$aWorld War, 1914-1918$xAtrocities.
=655  \4$aBook
=700  1\$aKELLER, G.,$cMayor of Lunéville.
=700  1\$aSIMON, G.,$cMayor of Nancy.
=859  \\$aXLD$bWW1
=886  2\$2blmarc$a709$b00$aKELLER$hG.$fMayor of Lunéville$p9083.aa.5.$x1722070323
=886  2\$2blmarc$a709$b00$aSIMON$hG.$fMayor of Nancy$p9083.aa.5.$x3030600041
=852  4\$cDRT$jDigital Store 9083.aa.5.$aBritish Library$bHMNTS
=985  \\$aCorrected by BSS-generated file for WR# 11/160
=985  \\$aEnhanced by MS generated file for WR# 12/139
=985  \\$aEnhanced by MS generated file for WR# 13/021
=985  \\$aEnhanced by MS generated file for WR# 13/054
=985  \\$aCorrected by MS generated file for WR# 1805-0738
=CAT  \\$aBATCH-DCW$b00$c20131123$lBLL01$h2125
=CAT  \\$aWR14.046$c20140417$lBLL01$h1725
=CAT  \\$aWR13.144/5$c20140418$lBLL01$h1049
=CAT  \\$a1805-0738$c20181228$lBLL01$h1834
=CAT  \\$a1805-0738$b00$c20181228$lBLL01$h1918
=CAT  \\$aW2001-2376$c20200626$lBLL01$h1829
=FIN  \\$aY$d20131123
=LKR  \\$aPAR$lBLL01$r776$b002507481$mGerman Atrocities. By L. Mirman ... G. Simon ... G. Keller ... Translated from the French.$nGerman Atrocities. By L. Mirman ... G. Simon ... G. Keller ... Translated from the French.
=DGM  \\$a002507481$bCatBridge variable field
=DRT  \\$aWW1
=SRC  \\$aWW1$bEuropeana_Collections_1914-1918_20131008_1
=OHC  \\$a1
=LAS  \\$aW2001-2376$b00$c20200626$lBLL01$h1829

