=LDR  01936 am a22004693  4500
=001  016550892
=003  Uk
=005  20200626182915.0
=007  cr\mn\024mpada
=008  890908|1918||||enk\\\\|s\\\\\|||\||eng\\
=FMT  \\$a  BK
=019  x\$a2442820242
=040  \\$aUk$cUk
=110  2\$aRuskin College, Oxford.
=245  14$aThe State and Industry during the War and after. Papers by H. Sanderson Furniss, John Hilton, J. J. Mallon. With criticisms.
=264  \1$aLondon :$bCo-operative Printing Society,$c1918.
=300  \\$a84 pages ;$c(8º)
=336  \\$atext$2rdacontent
=337  \\$acomputer$2rdamedia
=338  \\$aonline$2rdacarrier
=490  0\$a[Reorganisation of Industry Series. no. 4.]
=650  \0$aWorld War, 1914-1918$xTechnology.
=655  \4$aBook
=859  \\$aXLD$bWW1
=852  4\$cDRT$jDigital Store 8208.n.22.$aBritish Library$bHMNTS
=985  \\$aCorrected by BSS-generated file for WR# 11/211
=985  \\$aCorrected by MS generated file for WR# 12.037
=985  \\$aEnhanced by MS generated file for WR# 12/139
=985  \\$aCorrected by MS generated file for WR# 1805-0738
=CAT  \\$aBATCH-DCW$b00$c20131123$lBLL01$h2125
=CAT  \\$aWR14.046$c20140417$lBLL01$h1725
=CAT  \\$aWR13.144/5$c20140418$lBLL01$h1049
=CAT  \\$a1805-0738$c20181228$lBLL01$h1834
=CAT  \\$a1805-0738$b00$c20181228$lBLL01$h1918
=CAT  \\$aW2001-2376$c20200626$lBLL01$h1829
=FIN  \\$aY$d20131123
=LKR  \\$aPAR$lBLL01$r776$b002738863$mThe State and Industry during the War and after. Papers by H. Sanderson Furniss, John Hilton, J. J. Mallon. With criticisms.$nThe State and Industry during the War and after. Papers by H. Sanderson Furniss, John Hilton, J. J. Mallon. With criticisms.
=DGM  \\$a002738863$bCatBridge variable field
=DRT  \\$aWW1
=SRC  \\$aWW1$bEuropeana_Collections_1914-1918_20131008_1
=OHC  \\$a1
=LAS  \\$aW2001-2376$b00$c20200626$lBLL01$h1829

