=LDR  02104 am a22005413  4500
=001  016550893
=003  Uk
=005  20200626182915.0
=007  cr\mn\024mpada
=008  900201|1914||||enk\\\\|s\\\\\|||\||eng\\
=FMT  \\$a  BK
=019  x\$a2793610186
=040  \\$aUk$cUk
=100  1\$aRolland, Romain,$d1866-1944.
=240  10$aSingle Works
=245  10$aAbove the Battlefield ... With an introduction by G. Lowes Dickinson.
=264  \1$aCambridge :$bBowes & Bowes,$c1914.
=300  \\$a15 pages ;$c(8º)
=336  \\$atext$2rdacontent
=337  \\$acomputer$2rdamedia
=338  \\$aonline$2rdacarrier
=650  \0$aWorld War, 1914-1918$xAerial operations.
=655  \4$aBook
=700  1\$aDickinson, G. Lowes$q(Goldsworthy Lowes),$d1862-1932.
=859  \\$aXLD$bWW1
=886  2\$2blmarc$a709$b00$aDICKINSON$hGoldsworthy Lowes$p8425.pp.4.$x0824740297
=852  4\$cDRT$jDigital Store 8425.pp.4.$aBritish Library$bHMNTS
=985  \\$aCorrected by BSS-generated file for WR# 11/048
=985  \\$aEnhanced by MS generated file for WR# 12/139
=985  \\$aEnhanced by MS generated file for WR# 13/021
=985  \\$aEnhanced by MS generated file for WR# 13/054
=985  \\$aCorrected by MS generated file for WR# 1805-0738
=CAT  \\$aBATCH-DCW$b00$c20131123$lBLL01$h2125
=CAT  \\$aWR14.046$c20140417$lBLL01$h1725
=CAT  \\$aWR13.144/5$c20140418$lBLL01$h1049
=CAT  \\$a11814$b40$c20160706$lBLL01$h1410
=CAT  \\$aBATCH-RIGH$c20170607$lBLL01$h1816
=CAT  \\$aR1706-1834$c20170629$lBLL01$h1227
=CAT  \\$a1805-0738$c20181228$lBLL01$h1834
=CAT  \\$a1805-0738$b00$c20181228$lBLL01$h1918
=CAT  \\$aW2001-2376$c20200626$lBLL01$h1829
=FIN  \\$aY$d20131123
=LKR  \\$aPAR$lBLL01$r776$b003140489$mAbove the Battlefield ... With an introduction by G. Lowes Dickinson.$nAbove the Battlefield ... With an introduction by G. Lowes Dickinson.
=DGM  \\$a003140489$bCatBridge variable field
=DRT  \\$aWW1
=SRC  \\$aWW1$bEuropeana_Collections_1914-1918_20131008_1
=OHC  \\$a1
=LAS  \\$aW2001-2376$b00$c20200626$lBLL01$h1829

