=LDR  01890 am a22004573  4500
=001  016550895
=003  Uk
=005  20200626182915.0
=007  cr\mn\024mpada
=008  900418|1920||||enk\\\\|s\\\\\|||\||eng\\
=FMT  \\$a  BK
=019  x\$a3060180164
=040  \\$aUk$cUk
=100  1\$aHorton-Smith, L. Graham H.$q(Lionel Graham Horton),$d1871-1953.
=245  10$aPerils of the Sea. How we kept the flag flying. A short history of a long fight, compiled by L. G. H. Horton-Smith.
=264  \1$aLondon :$bImperial Maritime League,$c1920.
=300  \\$axxxii, 248 pages ;$c(8º)
=336  \\$atext$2rdacontent
=337  \\$acomputer$2rdamedia
=338  \\$aonline$2rdacarrier
=859  \\$aXLD$bWW1
=852  4\$cDRT$jDigital Store 08809.e.19.$aBritish Library$bHMNTS
=985  \\$aUpgraded by BSS-generated file for WR1910-0531
=CAT  \\$aBATCH-DCW$b00$c20131123$lBLL01$h2125
=CAT  \\$aWR14.046$c20140417$lBLL01$h1725
=CAT  \\$aWR13.144/5$c20140418$lBLL01$h1049
=CAT  \\$aBATCH-RIGH$c20170607$lBLL01$h1816
=CAT  \\$aR1706-1834$c20170629$lBLL01$h1227
=CAT  \\$a4039$b40$c20180116$lBLL01$h1140
=CAT  \\$a1805-0738$c20181228$lBLL01$h1834
=CAT  \\$a1805-0738$b00$c20181228$lBLL01$h1918
=CAT  \\$aW1910-0531$b00$c20191108$lBLL01$h1813
=CAT  \\$aW1910-0531$b00$c20200417$lBLL01$h1846
=CAT  \\$aW2001-2376$c20200626$lBLL01$h1829
=FIN  \\$aY$d20131123
=LKR  \\$aPAR$lBLL01$r776$b003421128$mPerils of the Sea. How we kept the flag flying. A short history of a long fight, compiled by L. G. H. Horton-Smith.$nPerils of the Sea. How we kept the flag flying. A short history of a long fight, compiled by L. G. H. Horton-Smith.
=DGM  \\$a003421128$bCatBridge variable field
=DRT  \\$aWW1
=SRC  \\$aWW1$bEuropeana_Collections_1914-1918_20131008_1
=OHC  \\$a1
=LAS  \\$aW2001-2376$b00$c20200626$lBLL01$h1829

