=LDR  01865 am a22004693  4500
=001  016550897
=003  Uk
=005  20200626182915.0
=007  cr\mn\024mpada
=008  961128|1916||||enk\\\\|s\\\\\|||\||eng\\
=FMT  \\$a  BK
=019  x\$a3522280075
=040  \\$aUk$cUk
=100  1\$aWILLIAMSON, George Charles.
=245  14$aThe Lord Ronald Sutherland-Gower. A memorial tribute ... Reprinted from "Khaki," etc.
=264  \1$a[London] :$bFor private circulation,$c1916.
=300  \\$c(8º)
=336  \\$atext$2rdacontent
=337  \\$acomputer$2rdamedia
=338  \\$aonline$2rdacarrier
=650  \0$aWorld War, 1914-1918$xPropaganda.
=655  \4$aBook
=700  1\$aGower, Ronald Sutherland,$cLord,$d1845-1916.
=859  \\$aXLD$bWW1
=886  2\$2blmarc$a709$b00$aGOWER$eLord$hRonald Charles Sutherland Leveson$p10854.ff.30.$x1300280239
=852  4\$cDRT$jDigital Store 10854.ff.30.$aBritish Library$bHMNTS
=985  \\$aCorrected by MS generated file for WR# 11/211
=985  \\$aEnhanced by MS generated file for WR# 12/139
=985  \\$aCorrected by MS generated file for WR# 1805-0738
=CAT  \\$aBATCH-DCW$b00$c20131123$lBLL01$h2125
=CAT  \\$aWR14.046$c20140417$lBLL01$h1725
=CAT  \\$aWR13.144/5$c20140418$lBLL01$h1049
=CAT  \\$a1805-0738$c20181228$lBLL01$h1834
=CAT  \\$a1805-0738$b00$c20181228$lBLL01$h1918
=CAT  \\$aW2001-2376$c20200626$lBLL01$h1829
=FIN  \\$aY$d20131123
=LKR  \\$aPAR$lBLL01$r776$b003938235$mThe Lord Ronald Sutherland-Gower. A memorial tribute ... Reprinted from "Khaki," etc.$nThe Lord Ronald Sutherland-Gower. A memorial tribute ... Reprinted from "Khaki," etc.
=DGM  \\$a003938235$bCatBridge variable field
=DRT  \\$aWW1
=SRC  \\$aWW1$bEuropeana_Collections_1914-1918_20131008_1
=OHC  \\$a1
=LAS  \\$aW2001-2376$b00$c20200626$lBLL01$h1829

