=LDR  01811 am a22004933  4500
=001  016550898
=003  Uk
=005  20200626182915.0
=007  cr\mn\024mpada
=008  901003|1918||||enk\\\\|s\\\\||||\||eng\\
=FMT  \\$a  BK
=019  x\$a3571780035
=040  \\$aUk$cUk
=245  14$aThe Odyssey of a Torpedoed Tramp. By Y. [i.e. Maurice Larrouy.]
=264  \1$aLondon :$bConstable & Co,$c1918.
=300  \\$a284 pages ;$c(8º)
=336  \\$atext$2rdacontent
=337  \\$acomputer$2rdamedia
=338  \\$aonline$2rdacarrier
=650  \0$aWorld War, 1914-1918$xNaval operations.
=655  \4$aBook
=700  1\$aLARROUY, Maurice.
=720  \\$aODYSSEY
=720  \\$aY.$emain entry
=859  \\$aXLD$bWW1
=886  2\$2blmarc$a709$b00$aLARROUY$hMaurice$p9082.b.15.$x1844100049
=886  2\$2blmarc$a709$b00$aODYSSEY$p9082.b.15.$x2403010219
=852  4\$cDRT$jDigital Store 9082.b.15.$aBritish Library$bHMNTS
=985  \\$aCorrected by BSS-generated file for WR# 11/211
=985  \\$aEnhanced by MS generated file for WR# 12/139
=985  \\$aCorrected by MS generated file for WR# 1805-0738
=CAT  \\$aBATCH-DCW$b00$c20131123$lBLL01$h2125
=CAT  \\$aWR14.046$c20140417$lBLL01$h1725
=CAT  \\$aWR13.144/5$c20140418$lBLL01$h1049
=CAT  \\$a1805-0738$c20181228$lBLL01$h1834
=CAT  \\$a1805-0738$b00$c20181228$lBLL01$h1918
=CAT  \\$aW2001-2376$c20200626$lBLL01$h1829
=FIN  \\$aY$d20131123
=LKR  \\$aPAR$lBLL01$r776$b003993052$mThe Odyssey of a Torpedoed Tramp. By Y. [i.e. Maurice Larrouy.]$nThe Odyssey of a Torpedoed Tramp. By Y. [i.e. Maurice Larrouy.]
=DGM  \\$a003993052$bCatBridge variable field
=DRT  \\$aWW1
=SRC  \\$aWW1$bEuropeana_Collections_1914-1918_20131008_1
=OHC  \\$a1
=LAS  \\$aW2001-2376$b00$c20200626$lBLL01$h1829

