=LDR  01409 am a2200409uu 4500
=001  016550900
=003  Uk
=005  20131123212514.0
=007  cr\mn\024mpada
=008  040419s1915\\\\fr\\\\\|s\\\\\000\||eng\\
=FMT  \\$a  BK
=019  u\$aG10401773
=040  \\$aUk$cUk
=100  1\$aBédier, Joseph.
=245  10$aGerman atrocities from German evidence /$cTr., Bernhard Harrison.
=260  \\$aParis :$bLibrairie Armand Colin,$c1915.
=336  \\$atext$2rdacontent
=337  \\$acomputer$2rdamedia
=338  \\$aonline$2rdacarrier
=490  0\$aStudies and Documents on the War
=650  \0$aWorld War, 1914-1918$xAtrocities.
=655  \4$aBook
=859  \\$aXLD$bWW1
=852  4\$cDRT$jDigital Store B.352.a.57$aBritish Library$bDSC
=985  \\$aCorrected by BSS-generated file
=CAT  \\$aBATCH-DCW$b00$c20131123$lBLL01$h2125
=CAT  \\$aBATCH-DCW$b00$c20131210$lBLL01$h1841
=CAT  \\$aWR14.046$c20140417$lBLL01$h1725
=CAT  \\$aWR13.144/5$c20140418$lBLL01$h1049
=FIN  \\$aY$d20131123
=LKR  \\$aPAR$lBLL01$r776$b007548286$mGerman atrocities from German evidence /$nGerman atrocities from German evidence /
=DGM  \\$a007548286$bCatBridge variable field
=DRT  \\$aWW1
=SRC  \\$aWW1$bEuropeana_Collections_1914-1918_20131008_1
=SRC  \\$aWW1$bEuropeana_Collections_1914-1918_20131202_1
=OHC  \\$a1
=LAS  \\$aWR13.144/5$b00$c20140418$lBLL01$h1049

