=LDR  01401 am a2200409ua 4500
=001  016550901
=003  Uk
=005  20131123212514.0
=007  cr\mn\024mpada
=008  980304s1914\\\\enk\\\\|s\\\\||||\||eng\\
=FMT  \\$a  BK
=019  1\$ar7314304
=040  \\$aUk$cUk
=100  1\$aChesterton, G. K.$q(Gilbert Keith),$d1874-1936.
=245  10$aPrussian versus Belgian culture.
=260  \\$aEdinburgh :$b"Everyman" Belgian Relief and Reconstruction Fund,$c[1914]
=300  \\$a8p.
=336  \\$atext$2rdacontent
=337  \\$acomputer$2rdamedia
=338  \\$aonline$2rdacarrier
=490  0\$a"Everyman" Belgian relief pamphlets ;$vno. 4
=650  \0$aWorld War, 1914-1918$zBelgium.
=655  \4$aBook
=710  2\$a"Everyman" Belgian Relief and Reconstruction Fund.
=859  \\$aXLD$bWW1
=852  4\$cDRT$jDigital Store Chest.6/18$aBritish Library$bHMNTS$3A photocopy
=957  \\$a9708d
=CAT  \\$aBATCH-DCW$b00$c20131123$lBLL01$h2125
=CAT  \\$aWR14.046$c20140417$lBLL01$h1725
=CAT  \\$aWR13.144/5$c20140418$lBLL01$h1049
=FIN  \\$aY$d20131123
=LKR  \\$aPAR$lBLL01$r776$b011288605$mPrussian versus Belgian culture.$nPrussian versus Belgian culture.
=DGM  \\$a011288605$bCatBridge variable field
=DRT  \\$aWW1
=SRC  \\$aWW1$bEuropeana_Collections_1914-1918_20131008_1
=OHC  \\$a1
=LAS  \\$aWR13.144/5$b00$c20140418$lBLL01$h1049

