=LDR  01836 am a22004933  4500
=001  016552937
=003  Uk
=005  20200626182915.0
=007  cr\mn\024mpada
=008  880218s1918\\\\gw\\\\\|s\\\\\|||\||ger\\
=FMT  \\$a  BK
=019  x\$a0180860143
=040  \\$aUk$cUk
=245  04$aEin Strauss Stilblüten gepflückt in japanischer Kriegsgefangenschaft.
=264  \1$a[Bando?],$c[1918]
=300  \\$a26 pages ;$c(8º)
=336  \\$atext$2rdacontent
=337  \\$acomputer$2rdamedia
=338  \\$aonline$2rdacarrier
=500  \\$aA collection of regulations of the Bando PoW camp, and official orders and notices.
=610  20$aBandō Furyo Shūyōjo.
=650  \0$aPrisoners of war$zJapan
=650  \0$aPrisoners of war, German
=650  \0$aPrisoners of war.
=650  \0$aWorld War, 1914-1918$xPrisoners and prisons
=650  \0$aWorld War, 1914-1918.
=655  \4$aBook
=859  \\$aXLD$bWW1
=852  4\$cDRT$jDigital Store 8833.bb.14.$aBritish Library$bHMNTS
=985  \\$aCorrected by MS generated file for WR# 12.037
=985  \\$aCorrected by MS generated file for WR# 1805-0738
=CAT  \\$aBATCH-DCW$b00$c20131127$lBLL01$h1739
=CAT  \\$aWR14.046$c20140417$lBLL01$h1725
=CAT  \\$aWR13.144/5$c20140418$lBLL01$h1049
=CAT  \\$a1805-0738$c20181228$lBLL01$h1834
=CAT  \\$a1805-0738$b00$c20181228$lBLL01$h1918
=CAT  \\$aW2001-2376$c20200626$lBLL01$h1829
=FIN  \\$aY$d20131127
=LKR  \\$aPAR$lBLL01$r776$b000189360$mEin Strauss Stilblüten gepflückt in japanischer Kriegsgefangenschaft.$nEin Strauss Stilblüten gepflückt in japanischer Kriegsgefangenschaft.
=DGM  \\$a000189360$bCatBridge variable field
=DRT  \\$aWW1
=SRC  \\$aWW1$bEuropeana_Collections_1914-1918_20131009_1
=OHC  \\$a1
=LAS  \\$aW2001-2376$b00$c20200626$lBLL01$h1829

