=LDR  02094 am a22004933  4500
=001  016552939
=003  Uk
=005  20200626182916.0
=007  cr\mn\024mpada
=008  880725|1921||||enk\\\\|s\\\\\|||\||eng\\
=FMT  \\$a  BK
=019  x\$a1000780198
=040  \\$aUk$cUk
=110  20$aLeague of Nations Union.
=245  14$aThe First Assembly. A study of the proceedings of the first assembly of the League of Nations ... Edited by Oliver Brett.
=264  \1$aLondon,$c1921.
=300  \\$aviii, 277 pages ;$c(8º)
=336  \\$atext$2rdacontent
=337  \\$acomputer$2rdamedia
=338  \\$aonline$2rdacarrier
=650  \0$aWorld War, 1914-1918$xDiplomatic history
=655  \4$aOfficial document
=700  1\$aEsher, Oliver Sylvain Baliol Brett,$cViscount,$d1881-1963.
=859  \\$aXLD$bWW1
=886  2\$2blmarc$a709$b00$aBRETT$hOliver Sylvain Baliol$fViscount Esher$p8425.tt.21.$x0421430141
=852  4\$cDRT$jDigital Store 8425.tt.21.$aBritish Library$bHMNTS
=985  \\$aCorrected by BSS-generated file for WR# 11/048
=985  \\$aCorrected by MS generated file for WR# 12.037
=985  \\$aEnhanced by MS generated file for WR# 12/139
=985  \\$aCorrected by MS generated file for WR# 1805-0738
=CAT  \\$aBATCH-DCW$b00$c20131127$lBLL01$h1739
=CAT  \\$aWR14.046$c20140417$lBLL01$h1725
=CAT  \\$aWR13.144/5$c20140418$lBLL01$h1049
=CAT  \\$aBATCH-UPD$b00$c20150520$lBLL01$h1024
=CAT  \\$a1805-0738$c20181228$lBLL01$h1834
=CAT  \\$a1805-0738$b00$c20181228$lBLL01$h1918
=CAT  \\$aW2001-2376$c20200626$lBLL01$h1829
=FIN  \\$aY$d20131127
=LKR  \\$aPAR$lBLL01$r776$b001134347$mThe First Assembly. A study of the proceedings of the first assembly of the League of Nations ... Edited by Oliver Brett.$nThe First Assembly. A study of the proceedings of the first assembly of the League of Nations ... Edited by Oliver Brett.
=DGM  \\$a001134347$bCatBridge variable field
=DRT  \\$aWW1
=SRC  \\$aWW1$bEuropeana_Collections_1914-1918_20131009_1
=OHC  \\$a1
=LAS  \\$aW2001-2376$b00$c20200626$lBLL01$h1829

