=LDR  01653 am a22004453  4500
=001  016552940
=003  Uk
=005  20200626182916.0
=007  cr\mn\024mpada
=008  880726s1914\\\\gw\\\\\|s\\\\\|||\||ger\\
=FMT  \\$a  BK
=019  x\$a1163190217
=040  \\$aUk$cUk
=100  1\$aFried, Alfred H.$q(Alfred Hermann),$d1864-1921.
=245  10$aKurze Aufklärungen über Wesen und Ziel des Pazifismus /$cAlfred Hermann Fried.
=264  \1$aBerlin ;$aLeipzig :$bVerlag der 'Friedens-Warte',$c1914.
=300  \\$a32 pages ;$c(8º)
=336  \\$atext$2rdacontent
=337  \\$acomputer$2rdamedia
=338  \\$aonline$2rdacarrier
=650  \0$aPacifism
=650  \0$aWorld War, 1914-1918$xMoral and ethical aspects.
=655  \4$aBook
=859  \\$aXLD$bWW1
=852  4\$cDRT$jDigital Store 8425.r.12.$aBritish Library$bHMNTS
=985  \\$aCorrected by MS generated file for WR# 12.037
=985  \\$aCorrected by MS generated file for WR# 1805-0738
=CAT  \\$aBATCH-DCW$b00$c20131127$lBLL01$h1739
=CAT  \\$aWR14.046$c20140417$lBLL01$h1725
=CAT  \\$aWR13.144/5$c20140418$lBLL01$h1049
=CAT  \\$a1805-0738$c20181228$lBLL01$h1834
=CAT  \\$a1805-0738$b00$c20181228$lBLL01$h1918
=CAT  \\$aW2001-2376$c20200626$lBLL01$h1829
=FIN  \\$aY$d20131127
=LKR  \\$aPAR$lBLL01$r776$b001327803$mKurze Aufklärungen über Wesen und Ziel des Pazifismus /$nKurze Aufklärungen über Wesen und Ziel des Pazifismus /
=DGM  \\$a001327803$bCatBridge variable field
=DRT  \\$aWW1
=SRC  \\$aWW1$bEuropeana_Collections_1914-1918_20131009_1
=OHC  \\$a1
=LAS  \\$aW2001-2376$b00$c20200626$lBLL01$h1829

