=LDR  01688 am a22004573  4500
=001  016552941
=003  Uk
=005  20200626182916.0
=007  cr\mn\024mpada
=008  881103s1919\\\\gw\\\\\|s\\\\\|||\||ger\\
=FMT  \\$a  BK
=019  x\$a1500200255
=040  \\$aUk$cUk
=100  1\$aHoensbroech, Paul,$cGraf von,$d1852-1923.
=245  14$aDas englische Raubtier (The English Beast) /$cvon Paul Reichsgrafen von und zu Hoensbroech.
=264  \1$aLeipzig :$bBreitkopf & Härtel,$c1919.
=300  \\$a20 pages ;$c(8º)
=336  \\$atext$2rdacontent
=337  \\$acomputer$2rdamedia
=338  \\$aonline$2rdacarrier
=650  \0$aWorld War, 1914-1918$zGreat Britain
=650  \0$aWorld War, 1914-1918$zGreat Britain.
=655  \4$aBook
=859  \\$aXLD$bWW1
=852  4\$cDRT$jDigital Store 08139.a.37.$aBritish Library$bHMNTS
=985  \\$aCorrected by BSS-generated file for WR# 11/031
=985  \\$aCorrected by MS generated file for WR# 12.037
=985  \\$aCorrected by MS generated file for WR# 1805-0738
=CAT  \\$aBATCH-DCW$b00$c20131127$lBLL01$h1739
=CAT  \\$aWR14.046$c20140417$lBLL01$h1725
=CAT  \\$aWR13.144/5$c20140418$lBLL01$h1049
=CAT  \\$a1805-0738$c20181228$lBLL01$h1834
=CAT  \\$a1805-0738$b00$c20181228$lBLL01$h1918
=CAT  \\$aW2001-2376$c20200626$lBLL01$h1829
=FIN  \\$aY$d20131127
=LKR  \\$aPAR$lBLL01$r776$b001703140$mDas englische Raubtier (The English Beast) /$nDas englische Raubtier (The English Beast) /
=DGM  \\$a001703140$bCatBridge variable field
=DRT  \\$aWW1
=SRC  \\$aWW1$bEuropeana_Collections_1914-1918_20131009_1
=OHC  \\$a1
=LAS  \\$aW2001-2376$b00$c20200626$lBLL01$h1829

