=LDR  02159 am a22005053  4500
=001  016552943
=003  Uk
=005  20200626182916.0
=007  cr\mn\024mpada
=008  890614|1918||||xxu\\\\|s\\\\\|||\||eng\\
=FMT  \\$a  BK
=019  x\$a2191170145
=040  \\$aUk$cUk
=100  1\$aMERRILL, Wainwright.
=245  12$aA College Man in Khaki: letters of an American in the British Artillery ... Edited with an introduction by Charles M. Stearns ... Illustrated.
=264  \1$aNew York :$bG. H. Doran Co,$c[1918]
=300  \\$a234 pages ;$c(8º)
=336  \\$atext$2rdacontent
=337  \\$acomputer$2rdamedia
=338  \\$aonline$2rdacarrier
=650  \0$aWorld War, 1914-1918$vPersonal narratives.
=655  \4$aBook
=700  1\$aSTEARNS, Charles Miner.
=859  \\$aXLD$bWW1
=886  2\$2blmarc$a709$b00$aSTEARNS$hCharles Miner$p010905.df.11.$x3120540005
=852  4\$cDRT$jDigital Store 010905.df.11.$aBritish Library$bHMNTS
=985  \\$aCorrected by BSS-generated file
=985  \\$aCorrected by BSS-generated file for WR# 11/160
=985  \\$aEnhanced by MS generated file for WR# 12/139
=985  \\$aEnhanced by MS generated file for WR# 13/021
=985  \\$aEnhanced by MS generated file for WR# 13/054
=985  \\$aCorrected by MS generated file for WR# 1805-0738
=CAT  \\$aBATCH-DCW$b00$c20131127$lBLL01$h1739
=CAT  \\$aWR14.046$c20140417$lBLL01$h1725
=CAT  \\$aWR13.144/5$c20140418$lBLL01$h1049
=CAT  \\$a1805-0738$c20181228$lBLL01$h1834
=CAT  \\$a1805-0738$b00$c20181228$lBLL01$h1918
=CAT  \\$aW2001-2376$c20200626$lBLL01$h1829
=FIN  \\$aY$d20131127
=LKR  \\$aPAR$lBLL01$r776$b002466575$mA College Man in Khaki: letters of an American in the British Artillery ... Edited with an introduction by Charles M. Stearns ... Illustrated.$nA College Man in Khaki: letters of an American in the British Artillery ... Edited with an introduction by Charles M. Stearns ... Illustrated.
=DGM  \\$a002466575$bCatBridge variable field
=DRT  \\$aWW1
=SRC  \\$aWW1$bEuropeana_Collections_1914-1918_20131009_1
=OHC  \\$a1
=LAS  \\$aW2001-2376$b00$c20200626$lBLL01$h1829

