=LDR  01855 am a22004813  4500
=001  016552944
=003  Uk
=005  20200626182916.0
=007  cr\mn\024mpada
=008  890904s1915\\\\gw\a\\\|s\\\\\|||\p|ger\\
=FMT  \\$a  BK
=019  x\$a241412007X
=040  \\$aUk$cUk
=100  1\$aOlszewski, Karl Ewald,$d1884-1965.
=245  14$aDer Kriegs-Struwwelpeter :$blustige Bilder und Verse /$cvon Karl Ewald Olszewski.
=264  \1$aMünchen :$bHolbein-Verlag,$c1915.
=300  \\$a[24] leaves :$billustrations ;$c(4º)
=336  \\$atext$2rdacontent
=337  \\$acomputer$2rdamedia
=338  \\$aonline$2rdacarrier
=600  10$aHoffmann, Heinrich,$d1809-1894.$tStruwwelpeter.$vParodies, imitations, etc.
=650  \0$aWorld War, 1914-1918$vCaricatures and cartoons
=650  \0$aWorld War, 1914-1918$vCaricatures and cartoons.
=655  \4$aBook
=859  \\$aXLD$bWW1
=852  4\$cDRT$jDigital Store 11527.h.9.$aBritish Library$bHMNTS
=985  \\$aCorrected by MS generated file for WR# 12.037
=985  \\$aCorrected by MS generated file for WR# 1805-0738
=CAT  \\$aBATCH-DCW$b00$c20131127$lBLL01$h1739
=CAT  \\$aWR14.046$c20140417$lBLL01$h1725
=CAT  \\$aWR13.144/5$c20140418$lBLL01$h1049
=CAT  \\$aBATCH-RIGH$c20170607$lBLL01$h1816
=CAT  \\$aR1706-1834$c20170629$lBLL01$h1227
=CAT  \\$a1805-0738$c20181228$lBLL01$h1834
=CAT  \\$a1805-0738$b00$c20181228$lBLL01$h1918
=CAT  \\$aW2001-2376$c20200626$lBLL01$h1829
=FIN  \\$aY$d20131127
=LKR  \\$aPAR$lBLL01$r776$b002707945$mDer Kriegs-Struwwelpeter : lustige Bilder und Verse /$nDer Kriegs-Struwwelpeter : lustige Bilder und Verse /
=DGM  \\$a002707945$bCatBridge variable field
=DRT  \\$aWW1
=SRC  \\$aWW1$bEuropeana_Collections_1914-1918_20131009_1
=OHC  \\$a1
=LAS  \\$aW2001-2376$b00$c20200626$lBLL01$h1829

