=LDR  02072 am a22005173  4500
=001  016552946
=003  Uk
=005  20200626182916.0
=007  cr\mn\024mpada
=008  900522s1921\\\\gw\\\\\|s\\\\\|||\||ger\\
=FMT  \\$a  BK
=019  x\$a3123320146
=040  \\$aUk$cUk
=100  1\$aSTEINITZ, Martha.
=245  14$aDie englischen Kriegsdienstverweigerer. Mit einem Anhang: Klassischer Pazifismus und Kriegsdienstverweigerung.
=264  \1$aBerlin :$bVerlag Neues Vaterland,$c1921.
=300  \\$a32 pages ;$c(8º)
=336  \\$atext$2rdacontent
=337  \\$acomputer$2rdamedia
=338  \\$aonline$2rdacarrier
=490  0\$aFlugschriften des Bundes Neues Vaterland.$vno. 24, 25.
=650  \0$aConscientious objection.
=650  \0$aConscientious objection.$zEngland
=650  \0$aWorld War, 1914-1918$zGreat Britain
=650  \0$aWorld War, 1914-1918.
=655  \4$aBook
=859  \\$aXLD$bWW1
=852  4\$cDRT$jDigital Store 08072.dd.66/24.25.$aBritish Library$bHMNTS
=985  \\$aCorrected by BSS-generated file for WR# 11/031.a
=985  \\$aCorrected by MS generated file for WR# 12.037
=985  \\$aCorrected by MS generated file for WR# 1805-0738
=CAT  \\$aBATCH-DCW$b00$c20131127$lBLL01$h1739
=CAT  \\$aWR14.046$c20140417$lBLL01$h1725
=CAT  \\$aWR13.144/5$c20140418$lBLL01$h1049
=CAT  \\$aBATCH-RIGH$c20170607$lBLL01$h1816
=CAT  \\$aR1706-1834$c20170629$lBLL01$h1227
=CAT  \\$a1805-0738$c20181228$lBLL01$h1834
=CAT  \\$a1805-0738$b00$c20181228$lBLL01$h1918
=CAT  \\$aW2001-2376$c20200626$lBLL01$h1829
=FIN  \\$aY$d20131127
=LKR  \\$aPAR$lBLL01$r776$b003491510$mDie englischen Kriegsdienstverweigerer. Mit einem Anhang: Klassischer Pazifismus und Kriegsdienstverweigerung.$nDie englischen Kriegsdienstverweigerer. Mit einem Anhang: Klassischer Pazifismus und Kriegsdienstverweigerung.
=DGM  \\$a003491510$bCatBridge variable field
=DRT  \\$aWW1
=SRC  \\$aWW1$bEuropeana_Collections_1914-1918_20131009_1
=OHC  \\$a1
=LAS  \\$aW2001-2376$b00$c20200626$lBLL01$h1829

