=LDR  02912 am a22005413  4500
=001  016552947
=003  Uk
=005  20200626182916.0
=007  cr\mn\024mpada
=008  900426|1915||||enk\\\\|s\\\\\|||\||eng\\
=FMT  \\$a  BK
=019  x\$a3130550267
=040  \\$aUk$cUk
=100  1\$aSTEPHENSON, Frederick Charles Arthur,$cSir,$cG.B.E.
=245  10$aAt Home and on the Battlefield: letters from the Crimea, China, and Egypt, 1854-1888. By Sir F. C. A. Stephenson ... Together with a short memoir of himself, of his brother, Sir W. H. Stephenson, K.C.B., and of their father, Sir B. C. Stephenson, G.C.H. Collected and arranged by Mrs. Frank Pownall, etc.
=264  \1$aLondon :$bJohn Murray,$c1915.
=300  \\$axvi, 383 pages ;$c(8º)
=336  \\$atext$2rdacontent
=337  \\$acomputer$2rdamedia
=338  \\$aonline$2rdacarrier
=650  \0$aWorld War, 1914-1918.
=655  \4$aBook
=700  1\$aPOWNALL, H. A.,$cMrs.
=700  1\$aSTEPHENSON, Benjamin Charles,$cSir,$cG.C.H.
=700  1\$aSTEPHENSON, William Henry,$cSir,$cK.C.B.
=859  \\$aXLD$bWW1
=886  2\$2blmarc$a709$b00$aPOWNALL$hH. A.$fMrs.$p010905.g.3.$x2642410250
=886  2\$2blmarc$a709$b00$aSTEPHENSON$eSir$hBenjamin Charles$fG.C.H.$p010905.g.3.$x3130520015
=886  2\$2blmarc$a709$b00$aSTEPHENSON$eSir$hWilliam Henry$fK.C.B.$p010905.g.3.$x3130730060
=852  4\$cDRT$jDigital Store 010905.g.3.$aBritish Library$bHMNTS
=985  \\$aCorrected by BSS-generated file for WR# 11/048
=985  \\$aEnhanced by MS generated file for WR# 12/139
=985  \\$aEnhanced by MS generated file for WR# 13/021
=985  \\$aEnhanced by MS generated file for WR# 13/054
=985  \\$aCorrected by MS generated file for WR# 1805-0738
=CAT  \\$aBATCH-DCW$b00$c20131127$lBLL01$h1739
=CAT  \\$aWR14.046$c20140417$lBLL01$h1725
=CAT  \\$aWR13.144/5$c20140418$lBLL01$h1049
=CAT  \\$a1805-0738$c20181228$lBLL01$h1834
=CAT  \\$a1805-0738$b00$c20181228$lBLL01$h1918
=CAT  \\$aW2001-2376$c20200626$lBLL01$h1829
=FIN  \\$aY$d20131127
=LKR  \\$aPAR$lBLL01$r776$b003495862$mAt Home and on the Battlefield: letters from the Crimea, China, and Egypt, 1854-1888. By Sir F. C. A. Stephenson ... Together with a short memoir of himself, of his brother, Sir W. H. Stephenson, K.C.B., and of their father, Sir B. C. Stephenson, G.C.H. Collected and arranged by Mrs. Frank Pownall, etc.$nAt Home and on the Battlefield: letters from the Crimea, China, and Egypt, 1854-1888. By Sir F. C. A. Stephenson ... Together with a short memoir of himself, of his brother, Sir W. H. Stephenson, K.C.B., and of their father, Sir B. C. Stephenson, G.C.H. Collected and arranged by Mrs. Frank Pownall, etc.
=DGM  \\$a003495862$bCatBridge variable field
=DRT  \\$aWW1
=SRC  \\$aWW1$bEuropeana_Collections_1914-1918_20131009_1
=OHC  \\$a1
=LAS  \\$aW2001-2376$b00$c20200626$lBLL01$h1829

