=LDR  02594 am a22004693  4500
=001  016552948
=003  Uk
=005  20200626182916.0
=007  cr\mn\024mpada
=008  900531|1919||||xxu\\\\|s\\\\\|||\||eng\\
=FMT  \\$a  BK
=019  x\$a3183980274
=040  \\$aUk$cUk
=100  1\$aSWETLAND, Horace Monroe.
=245  10$aAmerican Journalists in Europe. An account of a visit to England and France at the close of the war made by a party of editors and publishers of American industrial papers as guests of the British Government under the auspices of the British Ministry of Information. By [i.e. edited by] H. M. Swetland. [With plates, including portraits.]
=264  \1$aNew York :$bUnited Publishers Corporation,$c1919.
=300  \\$a115 pages ;$c(8º)
=336  \\$atext$2rdacontent
=337  \\$acomputer$2rdamedia
=338  \\$aonline$2rdacarrier
=650  \0$aWorld War, 1914-1918$xLiterature and the war.
=655  \4$aBook
=859  \\$aXLD$bWW1
=852  4\$cDRT$jDigital Store 10107.i.8.$aBritish Library$bHMNTS
=985  \\$aCorrected by BSS-generated file for WR# 11/211
=985  \\$aEnhanced by MS generated file for WR# 12/139
=985  \\$aEnhanced by MS generated file for WR# 13/021
=985  \\$aEnhanced by MS generated file for WR# 13/054
=985  \\$aCorrected by MS generated file for WR# 1805-0738
=CAT  \\$aBATCH-DCW$b00$c20131127$lBLL01$h1739
=CAT  \\$aWR14.046$c20140417$lBLL01$h1725
=CAT  \\$aWR13.144/5$c20140418$lBLL01$h1049
=CAT  \\$a1805-0738$c20181228$lBLL01$h1834
=CAT  \\$a1805-0738$b00$c20181228$lBLL01$h1918
=CAT  \\$aW2001-2376$c20200626$lBLL01$h1829
=FIN  \\$aY$d20131127
=LKR  \\$aPAR$lBLL01$r776$b003556684$mAmerican Journalists in Europe. An account of a visit to England and France at the close of the war made by a party of editors and publishers of American industrial papers as guests of the British Government under the auspices of the British Ministry of Information. By [i.e. edited by] H. M. Swetland. [With plates, including portraits.]$nAmerican Journalists in Europe. An account of a visit to England and France at the close of the war made by a party of editors and publishers of American industrial papers as guests of the British Government under the auspices of the British Ministry of Information. By [i.e. edited by] H. M. Swetland. [With plates, including portraits.]
=DGM  \\$a003556684$bCatBridge variable field
=DRT  \\$aWW1
=SRC  \\$aWW1$bEuropeana_Collections_1914-1918_20131009_1
=OHC  \\$a1
=LAS  \\$aW2001-2376$b00$c20200626$lBLL01$h1829

