=LDR  01588 am a22004453  4500
=001  016552949
=003  Uk
=005  20131127173925.0
=007  cr\mn\024mpada
=008  901203|1916||||xxc\\\\|s\\\\\|||\||fre\\
=FMT  \\$a  BK
=019  x\$a3615450108
=040  \\$aUk$cUk
=100  1\$aBourassa, Henri,$d1868-1952.
=245  10$aHier, aujourd'hui, demain,$bproblemes nationaux.
=260  \\$aMontreal :$b[s.n.],$c1916.
=300  \\$a178 p. (on double leaves) ;$c23 cm.
=336  \\$atext$2rdacontent
=337  \\$acomputer$2rdamedia
=338  \\$aonline$2rdacarrier
=650  \0$aIntellectual life.
=650  \0$aWorld War, 1914-1918$xMoral and ethical aspects.
=650  \0$aWorld War, 1914-1918$zCanada.
=655  \4$aBook
=859  \\$aXLD$bWW1
=852  4\$cDRT$jDigital Store X.809/47551.$aBritish Library$bHMNTS
=985  \\$aCorrected by MS generated file for WR# 12.037
=985  \\$aEnhanced by MS generated file for WR# 12/139
=985  \\$aEnhanced by MS generated file for WR# 13/021
=985  \\$aEnhanced by MS generated file for WR# 13/054
=CAT  \\$aBATCH-DCW$b00$c20131127$lBLL01$h1739
=CAT  \\$aWR14.046$c20140417$lBLL01$h1725
=CAT  \\$aWR13.144/5$c20140418$lBLL01$h1049
=FIN  \\$aY$d20131127
=LKR  \\$aPAR$lBLL01$r776$b004039219$mHier, aujourd'hui, demain, problemes nationaux.$nHier, aujourd'hui, demain, problemes nationaux.
=DGM  \\$a004039219$bCatBridge variable field
=DRT  \\$aWW1
=SRC  \\$aWW1$bEuropeana_Collections_1914-1918_20131009_1
=OHC  \\$a1
=LAS  \\$aWR13.144/5$b00$c20140418$lBLL01$h1049

