=LDR  01969 am a22004933  4500
=001  016552950
=003  Uk
=005  20201124190452.0
=007  cr\mn\024mpada
=008  860527s1915\\\\xxc\\\\|s\\\\\|||\||eng\\
=FMT  \\$a  BK
=019  x\$a3790049891
=040  \\$aUk$cUk
=041  0\$aeng$afre
=100  1\$aBourassa, Henri,$d1868-1952.
=240  10$aLa politique de l'Angleterre avant et après la guerre. English
=245  14$aThe foreign policy of Great Britain /$cHenri Bourassa.
=260  \\$aMontréal :$bImpr. du "Devoir",$c1915.
=300  \\$a55 p. ;$c23 cm.
=336  \\$atext$2rdacontent
=337  \\$acomputer$2rdamedia
=338  \\$aonline$2rdacarrier
=500  \\$a"This pamphlet is a faithful translation of one published in French and reproducing in full a series of articles which appeared in Le Devoir from the 9th to the 14th of September 1914, under the title: A chapter of history."
=650  \0$aIntellectual life.
=650  \0$aWorld War, 1914-1918$xCauses.
=650  \0$aWorld War, 1914-1918$xDiplomatic history.
=650  \0$aWorld War, 1914-1918$xMoral and ethical aspects.
=651  \0$aGreat Britain$xForeign relations$y20th century.
=655  \4$aBook
=859  \\$aXLD$bWW1
=852  4\$cDRT$jDigital Store X.800/41934$aBritish Library$bHMNTS
=985  \\$aCorrected by MS generated file for WR# 12.037
=985  \\$aUpgraded by BSS-generated file for WR2011-1473
=CAT  \\$aBATCH-DCW$b00$c20131127$lBLL01$h1739
=CAT  \\$aWR14.046$c20140417$lBLL01$h1725
=CAT  \\$aWR13.144/5$c20140418$lBLL01$h1049
=CAT  \\$aW2011-1473$b00$c20201124$lBLL01$h1904
=FIN  \\$aY$d20131127
=LKR  \\$aPAR$lBLL01$r776$b004082147$mThe foreign policy of Great Britain /$nThe foreign policy of Great Britain /
=DGM  \\$a004082147$bCatBridge variable field
=DRT  \\$aWW1
=SRC  \\$aWW1$bEuropeana_Collections_1914-1918_20131009_1
=OHC  \\$a1
=LAS  \\$aW2011-1473$b00$c20201124$lBLL01$h1904

