=LDR  02079 am a22004813  4500
=001  016552956
=003  Uk
=005  20200626182916.0
=007  cr\mn\024mpada
=008  880427|1917||||enk\\\\|s\\\\||||\||eng\\
=FMT  \\$a  BK
=019  x\$a0671240196
=040  \\$aUk$cUk
=245  10$aTurkish Prisoners in Egypt. A report by the delegates of the International Committee of the Red Cross ... Translated from the official reports, etc.
=264  \1$aLondon :$bCassell & Co,$c1917.
=300  \\$a64 pages ;$c(8º)
=336  \\$atext$2rdacontent
=337  \\$acomputer$2rdamedia
=338  \\$aonline$2rdacarrier
=650  \0$aPrisoners of war
=655  \4$aOfficial document
=720  \\$aCOMITÉ INTERNATIONAL DE LA CROIX-ROUGE$emain entry
=859  \\$aXLD$bWW1
=852  4\$cDRT$jDigital Store 09082.b.65.$aBritish Library$bHMNTS
=985  \\$aCorrected by BSS-generated file for WR# 11/211
=985  \\$aCorrected by MS generated file for WR# 12.037
=985  \\$aEnhanced by MS generated file for WR# 12/139
=985  \\$aEnhanced by MS generated file for WR# 13/021
=985  \\$aEnhanced by MS generated file for WR# 13/054
=985  \\$aCorrected by MS generated file for WR# 1805-0738
=CAT  \\$aBATCH-DCW$b00$c20131127$lBLL01$h1748
=CAT  \\$aWR14.046$c20140417$lBLL01$h1725
=CAT  \\$aWR13.144/5$c20140418$lBLL01$h1049
=CAT  \\$a1805-0738$c20181228$lBLL01$h1834
=CAT  \\$a1805-0738$b00$c20181228$lBLL01$h1918
=CAT  \\$aW2001-2376$c20200626$lBLL01$h1829
=FIN  \\$aY$d20131127
=LKR  \\$aPAR$lBLL01$r776$b000756825$mTurkish Prisoners in Egypt. A report by the delegates of the International Committee of the Red Cross ... Translated from the official reports, etc.$nTurkish Prisoners in Egypt. A report by the delegates of the International Committee of the Red Cross ... Translated from the official reports, etc.
=DGM  \\$a000756825$bCatBridge variable field
=DRT  \\$aWW1
=SRC  \\$aWW1$bEuropeana_Collections_1914-1918_20131010_1
=OHC  \\$a1
=LAS  \\$aW2001-2376$b00$c20200626$lBLL01$h1829

