=LDR  01975 am a22004693  4500
=001  016552957
=003  Uk
=005  20200626182916.0
=007  cr\mn\024mpada
=008  941103|1914||||enk\\\\|s\\\\o|||\||eng\\
=FMT  \\$a  BK
=019  x\$a096404014X
=040  \\$aUk$cUk
=110  1\$aGreat Britain.$bArmy.
=240  10$aRegulations and Orders. I. General Regulations
=245  10$a[Various amendments and reprints of amendments to the King's Regulations published between 1916 and 1921].
=264  \1$aLondon,$c[1916]-1921.
=300  \\$a4 parts ;$c(8º)
=336  \\$atext$2rdacontent
=337  \\$acomputer$2rdamedia
=338  \\$aonline$2rdacarrier
=500  \\$aTitle provided by cataloguer.
=505  0\$aBetween 1st September, 1914, and 1st August, 1916; 1st September, 1916, and 1st March, 1918; 1st March, 1918, and 30th April, 1920; 1st May, 1920, and 31 July, 1921.
=650  \0$aWorld War, 1914-1918$zGreat Britain.
=859  \\$aXLD$bWW1
=852  4\$cDRT$jDigital Store 8820.aa.2.$aBritish Library$bHMNTS
=985  \\$aCorrected by MS generated file for WR# 1805-0738
=CAT  \\$aBATCH-DCW$b00$c20131127$lBLL01$h1748
=CAT  \\$aWR14.046$c20140417$lBLL01$h1725
=CAT  \\$aWR13.144/5$c20140418$lBLL01$h1049
=CAT  \\$a8874$b40$c20150326$lBLL01$h1418
=CAT  \\$a8874$b40$c20150326$lBLL01$h1425
=CAT  \\$a1805-0738$c20181228$lBLL01$h1834
=CAT  \\$a1805-0738$b00$c20181228$lBLL01$h1918
=CAT  \\$aW2001-2376$c20200626$lBLL01$h1829
=FIN  \\$aY$d20131127
=LKR  \\$aPAR$lBLL01$r776$b001093506$m[Various amendments and reprints of amendments to the King's Regulations published between 1916 and 1921].$n[Various amendments and reprint of amendments to the King's Regulations published between 1916 and 1921].
=DGM  \\$a001093505$bCatBridge variable field
=DRT  \\$aWW1
=SRC  \\$aWW1$bEuropeana_Collections_1914-1918_20131010_1
=OHC  \\$a1
=LAS  \\$aW2001-2376$b00$c20200626$lBLL01$h1829

