=LDR  02161 am a22005413  4500
=001  016552961
=003  Uk
=005  20200626182916.0
=007  cr\mn\024mpada
=008  941104|1914||||enk\\\\|s\\\\o|||\||eng\\
=FMT  \\$a  BK
=019  x\$a0964070138
=040  \\$aUk$cUk
=110  1\$aGreat Britain.$bArmy.
=240  10$aRegulations and Orders. II. Regulations and Treatises on Special Subjects. Ceremonial
=245  10$aProvisional amendments. With five plates and key.
=264  \1$aLondon,$c1914.
=300  \\$a37 pages ;$c(16º)
=336  \\$atext$2rdacontent
=337  \\$acomputer$2rdamedia
=338  \\$aonline$2rdacarrier
=650  \0$aWorld War, 1914-1918$zGreat Britain
=655  \4$aOfficial document
=787  0\$tCeremonial. 1912.$w(Uk)MP1.0001149887$dpp. xiv. 171. London, 1912. 16º.
=859  \\$aXLD$bWW1
=852  4\$cDRT$jDigital Store 8824.aaa.34.$aBritish Library$bHMNTS
=985  \\$aCorrected by BSS-generated file for WR# 08/145
=985  \\$aCorrected by BSS-generated file for WR# 11/031
=985  \\$aCorrected by MS generated file for WR# 12.037
=985  \\$aDisaggregated record: Type B
=985  \\$aEnhanced by MS generated file for WR# 12/139
=985  \\$aEnhanced by MS generated file for WR# 13/021
=985  \\$aEnhanced by MS generated file for WR# 13/054
=985  \\$aCorrected by MS generated file for WR# 1805-0738
=CAT  \\$aBATCH-DCW$b00$c20131127$lBLL01$h1748
=CAT  \\$aWR14.046$c20140417$lBLL01$h1725
=CAT  \\$aWR13.144/5$c20140418$lBLL01$h1049
=CAT  \\$a1805-0738$c20181228$lBLL01$h1834
=CAT  \\$a1805-0738$b00$c20181228$lBLL01$h1918
=CAT  \\$aW2001-2376$c20200626$lBLL01$h1829
=FIN  \\$aY$d20131127
=LKR  \\$aPAR$b001093618$r787$mProvisional amendments. With five plates and key.$nCeremonial. 1912.
=LKR  \\$aPAR$lBLL01$r776$b001093619$mProvisional amendments. With five plates and key.$nProvisional amendments. With five plates and key.
=DGM  \\$a001093619$bCatBridge variable field
=DRT  \\$aWW1
=SRC  \\$aWW1$bEuropeana_Collections_1914-1918_20131010_1
=OHC  \\$a1
=LAS  \\$aW2001-2376$b00$c20200626$lBLL01$h1829

