=LDR  01975cam a22005053  4500
=001  016552962
=003  Uk
=005  20200626182916.0
=007  cr\mn\024mpada
=008  880726|1920||||enk\\\\|s\\\\o|||\||eng\\
=FMT  \\$a  BK
=019  x\$a096443024X
=040  \\$aUk$cUk
=110  1\$aGreat Britain.$bArmy.$bDivision, 49th.
=245  14$aThe West Riding Territorials in the Great War ... By Laurie Magnus. Fully illustrated.
=264  \1$aLondon :$bKegan Paul & Co,$c1920.
=300  \\$axv, 324 pages ;$c(8º)
=336  \\$atext$2rdacontent
=337  \\$acomputer$2rdamedia
=338  \\$aonline$2rdacarrier
=650  \0$aRegimental histories
=655  \4$aBook
=700  1\$aMagnus, Laurie,$d1872-1933.
=859  \\$aXLD$bWW1
=886  2\$2blmarc$a709$b00$aMAGNUS$hLaurie$p09083.b.29.$x2074740336
=852  4\$cDRT$jDigital Store 09083.b.29.$aBritish Library$bHMNTS
=985  \\$aCorrected by BSS-generated file for WR# 08/145
=985  \\$aCorrected by BSS-generated file for WR# 11/216
=985  \\$aEnhanced by MS generated file for WR# 12/139
=985  \\$aCorrected by MS generated file for WR# 1805-0738
=CAT  \\$aBATCH-DCW$b00$c20131127$lBLL01$h1748
=CAT  \\$aWR14.046$c20140417$lBLL01$h1725
=CAT  \\$aWR13.144/5$c20140418$lBLL01$h1049
=CAT  \\$a1805-0738$c20181228$lBLL01$h1834
=CAT  \\$a1805-0738$b00$c20181228$lBLL01$h1918
=CAT  \\$aW2001-2376$c20200626$lBLL01$h1829
=CAT  \\$a11837$b40$c20220311$lBLL01$h1131
=CAT  \\$aBATCH-UPD$b40$c20220311$lBLL01$h1131
=FIN  \\$aY$d20131127
=LKR  \\$aPAR$lBLL01$r776$b001094783$mThe West Riding Territorials in the Great War ... By Laurie Magnus. Fully illustrated.$nThe West Riding Territorials in the Great War ... By Laurie Magnus. Fully illustrated.
=DGM  \\$a001094783$bCatBridge variable field
=DRT  \\$aWW1
=SRC  \\$aWW1$bEuropeana_Collections_1914-1918_20131010_1
=OHC  \\$a1
=LAS  \\$aBATCH-UPD$b40$c20220311$lBLL01$h1131

