=LDR  01895 am a22004813  4500
=001  016552965
=003  Uk
=005  20200626182916.0
=007  cr\mn\024mpada
=008  880718|1922||||enk\\\\|s\\\\o|||\||eng\\
=FMT  \\$a  BK
=019  x\$a0970370024
=040  \\$aUk$cUk
=110  1\$aGreat Britain.$bArmy.$bInfantry.$bRegiments.$bRoyal Munster Fusiliers.
=245  14$aThe 2nd Munsters in France. By Lieutenant-Colonel H. S. Jervis, etc. [With maps.]
=264  \1$aAldershot :$bGale & Polden,$c1922.
=300  \\$axi, 71 pages ;$c(8º)
=336  \\$atext$2rdacontent
=337  \\$acomputer$2rdamedia
=338  \\$aonline$2rdacarrier
=650  \0$aRegimental histories
=655  \4$aBook
=700  1\$aJERVIS, Herbert Swynfen.
=859  \\$aXLD$bWW1
=886  2\$2blmarc$a709$b00$aJERVIS$hHerbert Swynfen$p09084.d.6.$x1650800290
=852  4\$cDRT$jDigital Store 09084.d.6.$aBritish Library$bHMNTS
=985  \\$aCorrected by BSS-generated file for WR# 08/145
=985  \\$aCorrected by BSS-generated file for WR# 11/216
=985  \\$aEnhanced by MS generated file for WR# 12/139
=985  \\$aCorrected by MS generated file for WR# 1805-0738
=CAT  \\$aBATCH-DCW$b00$c20131127$lBLL01$h1748
=CAT  \\$aWR14.046$c20140417$lBLL01$h1725
=CAT  \\$aWR13.144/5$c20140418$lBLL01$h1049
=CAT  \\$a1805-0738$c20181228$lBLL01$h1834
=CAT  \\$a1805-0738$b00$c20181228$lBLL01$h1918
=CAT  \\$aW2001-2376$c20200626$lBLL01$h1829
=FIN  \\$aY$d20131127
=LKR  \\$aPAR$lBLL01$r776$b001097222$mThe 2nd Munsters in France. By Lieutenant-Colonel H. S. Jervis, etc. [With maps.]$nThe 2nd Munsters in France. By Lieutenant-Colonel H. S. Jervis, etc. [With maps.]
=DGM  \\$a001097222$bCatBridge variable field
=DRT  \\$aWW1
=SRC  \\$aWW1$bEuropeana_Collections_1914-1918_20131010_1
=OHC  \\$a1
=LAS  \\$aW2001-2376$b00$c20200626$lBLL01$h1829

