=LDR  01927 am a22004933  4500
=001  016552966
=003  Uk
=005  20200626182916.0
=007  cr\mn\024mpada
=008  880718|1921||||enk\\\\|s\\\\o|||\||eng\\
=FMT  \\$a  BK
=019  x\$a0970400039
=040  \\$aUk$cUk
=110  1\$aGreat Britain.$bArmy.$bRoyal Warwickshire Regiment.
=245  12$aA Short History of the Royal Warwickshire Regt. [With a coloured plate of uniforms.]
=264  \1$aLondon :$bGale & Polden,$c1921.
=300  \\$a24 pages ;$c(8º)
=336  \\$atext$2rdacontent
=337  \\$acomputer$2rdamedia
=338  \\$aonline$2rdacarrier
=650  \0$aRegimental histories
=655  \4$aBook
=859  \\$aXLD$bWW1
=852  4\$cDRT$jDigital Store 8829.ee.28.$aBritish Library$bHMNTS
=985  \\$aCorrected by BSS-generated file
=985  \\$aCorrected by BSS-generated file for WR# 08/145
=985  \\$aCorrected by BSS-generated file for WR# 11/048
=985  \\$aEnhanced by MS generated file for WR# 12/139
=985  \\$aEnhanced by MS generated file for WR# 13/021
=985  \\$aEnhanced by MS generated file for WR# 13/054
=985  \\$aCorrected by MS generated file for WR# 1805-0738
=CAT  \\$aBATCH-DCW$b00$c20131127$lBLL01$h1748
=CAT  \\$aWR14.046$c20140417$lBLL01$h1725
=CAT  \\$aWR13.144/5$c20140418$lBLL01$h1049
=CAT  \\$a1805-0738$c20181228$lBLL01$h1834
=CAT  \\$a1805-0738$b00$c20181228$lBLL01$h1918
=CAT  \\$aW2001-2376$c20200626$lBLL01$h1829
=FIN  \\$aY$d20131127
=LKR  \\$aPAR$lBLL01$r776$b001097297$mA Short History of the Royal Warwickshire Regt. [With a coloured plate of uniforms.]$nA Short History of the Royal Warwickshire Regt. [With a coloured plate of uniforms.]
=DGM  \\$a001097297$bCatBridge variable field
=DRT  \\$aWW1
=SRC  \\$aWW1$bEuropeana_Collections_1914-1918_20131010_1
=OHC  \\$a1
=LAS  \\$aW2001-2376$b00$c20200626$lBLL01$h1829

