=LDR  01768 am a2200469uu 4500
=001  016552973
=003  Uk
=005  20200626182916.0
=007  cr\mn\024mpada
=008  040420s1917\\\\enk\\\\|s\\\\\000\||eng\\
=FMT  \\$a  BK
=019  u\$aG10982821
=040  \\$aUk$cUk
=100  1\$aRobertson, J. M.$q(John Mackinnon),$d1856-1933.
=245  10$aBritain versus Germany :$ban open letter to Professor Eduard Meyer, Ph.D. /$cJohn Mackinnon Robertson.
=264  \1$aLondon :$b[s.n.],$c1917.
=300  \\$c(8º)
=336  \\$atext$2rdacontent
=337  \\$acomputer$2rdamedia
=338  \\$aonline$2rdacarrier
=490  0\$aMinistry of Propaganda
=650  \0$aWorld War, 1914-1918$xMoral and ethical aspects.
=655  \4$aBook
=859  \\$aXLD$bWW1
=852  4\$cDRT$jDigital Store W60/3875$aBritish Library$bDSC
=985  \\$aCorrected by MS generated file for WR# 12.037
=985  \\$aCorrected by MS generated file for WR# 1805-0738
=CAT  \\$aBATCH-DCW$b00$c20131127$lBLL01$h1748
=CAT  \\$aWR14.046$c20140417$lBLL01$h1725
=CAT  \\$aWR13.144/5$c20140418$lBLL01$h1049
=CAT  \\$aBATCH-RIGH$c20170607$lBLL01$h1816
=CAT  \\$aR1706-1834$c20170629$lBLL01$h1227
=CAT  \\$a1805-0738$c20181228$lBLL01$h1834
=CAT  \\$a1805-0738$b00$c20181228$lBLL01$h1918
=CAT  \\$aW2001-2376$c20200626$lBLL01$h1829
=FIN  \\$aY$d20131127
=LKR  \\$aPAR$lBLL01$r776$b009610563$mBritain versus Germany : an open letter to Professor Eduard Meyer, Ph.D. /$nBritain versus Germany : an open letter to Professor Eduard Meyer, Ph.D. /
=DGM  \\$a009610563$bCatBridge variable field
=DRT  \\$aWW1
=SRC  \\$aWW1$bEuropeana_Collections_1914-1918_20131010_1
=OHC  \\$a1
=LAS  \\$aW2001-2376$b00$c20200626$lBLL01$h1829

