=LDR  01330 am a2200409ua 4500
=001  016552974
=003  Uk
=005  20131127174845.0
=007  cr\mn\024mpada
=008  880525s1915\\\\pl\\\\\|s\\\\||||\||pol\\
=FMT  \\$a  BK
=019  1\$ar6470828
=040  \\$aUk$cUk
=100  1\$aTokarz, Wacław,$d1873-1937.
=245  10$aŻołnierze kościuszkowscy.
=260  \\$aKraków :$bnakładem Centr. Biura Wydawnictw N.K.N.,$c1915.
=300  \\$a45 p. :$bill.
=336  \\$atext$2rdacontent
=337  \\$acomputer$2rdamedia
=338  \\$aonline$2rdacarrier
=650  \0$aWorld War, 1914-1918$zPoland
=655  \4$aBook
=859  \\$aXLD$bWW1
=852  4\$cDRT$jDigital Store YA.1988.a.6265$aBritish Library$bHMNTS
=957  \\$a860228p
=985  \\$aCorrected by MS generated file for WR# 12.037
=CAT  \\$aBATCH-DCW$b00$c20131127$lBLL01$h1748
=CAT  \\$aWR14.046$c20140417$lBLL01$h1725
=CAT  \\$aWR13.144/5$c20140418$lBLL01$h1049
=CAT  \\$a5194$b40$c20170530$lBLL01$h1440
=FIN  \\$aY$d20131127
=LKR  \\$aPAR$lBLL01$r776$b012550719$mŻołnierze kościuszkowscy.$nŻołnierze kościuszkowscy.
=DGM  \\$a012550719$bCatBridge variable field
=DRT  \\$aWW1
=SRC  \\$aWW1$bEuropeana_Collections_1914-1918_20131010_1
=OHC  \\$a1
=LAS  \\$a5194$b40$c20170530$lBLL01$h1440

