=LDR  01681 am a2200433uu 4500
=001  016552975
=003  Uk
=005  20200626182916.0
=007  cr\mn\024mpada
=008  040419s1917\\\\enk\\\\|s\\\\\000\||eng\\
=FMT  \\$a  BK
=019  u\$aG10386414
=040  \\$aUk$cUk
=100  1\$aArcher, William.
=245  10$aSix of one and half-a-dozen of the other :$bA letter to Mr. L. Simons of the Hague : [Ministry of Propaganda] /$cWilliam Archer.
=264  \1$aLondon :$b[s.n.],$c1917.
=300  \\$c(8º)
=336  \\$atext$2rdacontent
=337  \\$acomputer$2rdamedia
=338  \\$aonline$2rdacarrier
=650  \0$aWorld War, 1914-1918$xPropaganda.
=655  \4$aBook
=859  \\$aXLD$bWW1
=852  4\$cDRT$jDigital Store W40/4081$aBritish Library$bDSC
=985  \\$aCorrected by MS generated file for WR# 12.037
=985  \\$aCorrected by MS generated file for WR# 1805-0738
=CAT  \\$aBATCH-DCW$b00$c20131127$lBLL01$h1748
=CAT  \\$aWR14.046$c20140417$lBLL01$h1725
=CAT  \\$aWR13.144/5$c20140418$lBLL01$h1049
=CAT  \\$a1805-0738$c20181228$lBLL01$h1834
=CAT  \\$a1805-0738$b00$c20181228$lBLL01$h1918
=CAT  \\$aW2001-2376$c20200626$lBLL01$h1829
=FIN  \\$aY$d20131127
=LKR  \\$aPAR$lBLL01$r776$b012792212$mSix of one and half-a-dozen of the other : A letter to Mr. L. Simons of the Hague : [Ministry of Propaganda] /$nSix of one and half-a-dozen of the other : A letter to Mr. L. Simons of the Hague : [Ministry of Propaganda] /
=DGM  \\$a012792212$bCatBridge variable field
=DRT  \\$aWW1
=SRC  \\$aWW1$bEuropeana_Collections_1914-1918_20131010_1
=OHC  \\$a1
=LAS  \\$aW2001-2376$b00$c20200626$lBLL01$h1829

