=LDR  01840cam a2200457 a 4500
=001  016552976
=003  Uk
=005  20131127174845.0
=007  cr\mn\024mpada
=008  001206s1919\\\\hu\\\\\\s\\\\\000\p\hun\\
=FMT  \\$a  BK
=035  \\$a(OCoLC)45481047
=040  \\$aZCU$cZCU$dUk
=042  \\$aukblsr
=100  1\$aReményik, Sándor,$d1890-1941.
=245  10$aSegítsetek! :$bhangok a végekről, 1918-1919 /$círta Végvári.
=260  \\$aBudapest :$bMagyarország Területi Épségének Védelmi Ligája :$ba Táltos bizománya,$c1919.
=300  \\$a63 p. ;$c15 cm.
=336  \\$atext$2rdacontent
=337  \\$acomputer$2rdamedia
=338  \\$aonline$2rdacarrier
=610  20$aAllied and Associated Powers (1914-1920).$tTreaties, etc.$gHungary,$d1920 June 4$vPoetry.
=650  \0$aWorld War, 1914-1918$xTerritorial questions$zHungary$vPoetry.
=650  \0$aWorld War, 1914-1918$xTerritorial questions$zHungary$xIn literature
=655  \4$aBook
=710  2\$aMagyarország területi épségének védelmi ligája.
=859  \\$aXLD$bWW1
=852  4\$cDRT$jDigital Store YF.2007.a.13784$aBritish Library$bHMNTS
=985  \\$aCorrected by MS generated file for WR# 12.037
=CAT  \\$aBATCH-DCW$b00$c20131127$lBLL01$h1748
=CAT  \\$aWR14.046$c20140417$lBLL01$h1725
=CAT  \\$aWR13.144/5$c20140418$lBLL01$h1049
=CAT  \\$aBATCH-UPD$b00$c20150524$lBLL01$h2038
=CAT  \\$aW2308-1659$c20230923$lBLL01$h1023
=FIN  \\$aY$d20131127
=LKR  \\$aPAR$lBLL01$r776$b013659557$mSegítsetek! : hangok a végekről, 1918-1919 /$nSegítsetek! : hangok a végekről, 1918-1919 /
=DGM  \\$a013659557$bCatBridge variable field
=DRT  \\$aWW1
=SRC  \\$aWW1$bEuropeana_Collections_1914-1918_20131010_1
=OHC  \\$a1
=LAS  \\$aW2308-1659$b00$c20230923$lBLL01$h1023

