=LDR  01839 am a2200469 a 4500
=001  016552980
=003  Uk
=005  20131127175715.0
=007  cr\mn\024mpada
=008  880718s1923\\\\enkab\\\s\\\\\001\0\eng\\
=FMT  \\$a  BK
=019  u\$aG10864206
=019  x\$a0970300123
=040  \\$aUk$cUk$dUk
=082  04$a940.41241$223
=100  1\$aMOLONY, Charles Vandeleur.
=245  10$a"Invicta" :$bwith the First Battalion the Queen's Own Royal West Kent Regiment in the Great War /$cby Major C. V. Molony.
=260  \\$aLondon :$bNisbet & Co.,$c1923.
=300  \\$axi, 326 p. :$bmaps (some folded), ports., plates ;$c23 cm.
=336  \\$atext$2rdacontent
=337  \\$acomputer$2rdamedia
=338  \\$aonline$2rdacarrier
=500  \\$aIncludes index.
=610  10$aGreat Britain.$bArmy.$bQueen's Own Royal West Kent Regiment.
=650  \0$aRegimental histories
=650  \0$aWorld War, 1914-1918$xRegimental histories$zGreat Britain.
=655  \4$aBook
=859  \\$aXLD$bWW1
=852  4\$aBritish Library$bHMNTS$cDRT$jDigital Store 09081.b.2.
=985  \\$aCorrected by BSS-generated file for WR# 08/145
=985  \\$aCorrected by BSS-generated file for WR# 11/216
=985  \\$aRecord merged by DQ team
=CAT  \\$aBATCH-DCW$b00$c20131127$lBLL01$h1757
=CAT  \\$aWR14.046$c20140417$lBLL01$h1725
=CAT  \\$aWR13.144/5$c20140418$lBLL01$h1049
=FIN  \\$aY$d20131127
=LKR  \\$aPAR$lBLL01$r776$b001097061$m"Invicta" : with the First Battalion the Queen's Own Royal West Kent Regiment in the Great War /$n"Invicta" : with the First Battalion the Queen's Own Royal West Kent Regiment in the Great War /
=DGM  \\$a001097061$bCatBridge variable field
=DRT  \\$aWW1
=SRC  \\$aWW1$bEuropeana_Collections_1914-1918_20131011_1
=OHC  \\$a2
=LAS  \\$aWR13.144/5$b00$c20140418$lBLL01$h1049

