=LDR  01763 am a22005053  4500
=001  016552982
=003  Uk
=005  20200626182916.0
=007  cr\mn\024mpada
=008  880218s1919\\\\ja\\\\\|s\\\\\|||\||ger\\
=FMT  \\$a  BK
=019  x\$a018086016X
=040  \\$aUk$cUk
=245  00$aTheater K. 6 ... Ende der Kriegsgefangenschaft 1919.
=264  \1$aBando,$c1919.
=300  \\$a32 pages ;$c(8º)
=336  \\$atext$2rdacontent
=337  \\$acomputer$2rdamedia
=338  \\$aonline$2rdacarrier
=500  \\$aCyclostyled.
=610  20$aBandō Furyo Shūyōjo.
=650  \0$aPrisoners of war$zJapan
=650  \0$aPrisoners of war, German
=650  \0$aPrisoners of war.
=650  \0$aWorld War, 1914-1918$xPrisoners and prisons
=650  \0$aWorld War, 1914-1918.
=655  \4$aBook
=859  \\$aXLD$bWW1
=852  4\$cDRT$jDigital Store 11797.e.24.$aBritish Library$bHMNTS
=985  \\$aCorrected by BSS-generated file for WR# 11/031.a
=985  \\$aCorrected by MS generated file for WR# 12.037
=985  \\$aCorrected by MS generated file for WR# 1805-0738
=CAT  \\$aBATCH-DCW$b00$c20131127$lBLL01$h1757
=CAT  \\$aWR14.046$c20140417$lBLL01$h1725
=CAT  \\$aWR13.144/5$c20140418$lBLL01$h1049
=CAT  \\$a1805-0738$c20181228$lBLL01$h1834
=CAT  \\$a1805-0738$b00$c20181228$lBLL01$h1918
=CAT  \\$aW2001-2376$c20200626$lBLL01$h1829
=FIN  \\$aY$d20131127
=LKR  \\$aPAR$lBLL01$r776$b000189362$mTheater K. 6 ... Ende der Kriegsgefangenschaft 1919.$nTheater K. 6 ... Ende der Kriegsgefangenschaft 1919.
=DGM  \\$a000189362$bCatBridge variable field
=DRT  \\$aWW1
=SRC  \\$aWW1$bEuropeana_Collections_1914-1918_20131011_1
=OHC  \\$a1
=LAS  \\$aW2001-2376$b00$c20200626$lBLL01$h1829

