=LDR  01843 am a22004813  4500
=001  016552983
=003  Uk
=005  20200626182916.0
=007  cr\mn\024mpada
=008  880418s1916\\\\gw\\\\\|s\\\\\|||\||ger\\
=FMT  \\$a  BK
=019  x\$a0261420216
=040  \\$aUk$cUk
=100  1\$aBergmann, Karl,$d1870-1940.
=245  10$aWie der Feldgraue spricht :$bScherz und Ernst in der neusten Soldatensprache.
=264  \1$aGiessen :$bTöpelmann,$c1916.
=300  \\$a60 pages ;$c(8º)
=336  \\$atext$2rdacontent
=337  \\$acomputer$2rdamedia
=338  \\$aonline$2rdacarrier
=650  \0$aSoldiers$zGermany
=650  \0$aWorld War, 1914-1918$xLanguage (New words, slang, etc.)
=650  \0$aWorld War, 1914-1918.
=655  \4$aBook
=859  \\$aXLD$bWW1
=852  4\$cDRT$jDigital Store 12963.aaa.54.$aBritish Library$bHMNTS
=985  \\$a100 dates GBV catalogue: http://gso.gbv.de/DB=2.1/PPNSET?PPN=077656261
=985  \\$aCorrected by BSS-generated file for WR# 11/031
=985  \\$aCorrected by MS generated file for WR# 12.037
=985  \\$aCorrected by MS generated file for WR# 1805-0738
=CAT  \\$aBATCH-DCW$b00$c20131127$lBLL01$h1757
=CAT  \\$aWR14.046$c20140417$lBLL01$h1725
=CAT  \\$aWR13.144/5$c20140418$lBLL01$h1049
=CAT  \\$a1805-0738$c20181228$lBLL01$h1834
=CAT  \\$a1805-0738$b00$c20181228$lBLL01$h1918
=CAT  \\$aW2001-2376$c20200626$lBLL01$h1829
=FIN  \\$aY$d20131127
=LKR  \\$aPAR$lBLL01$r776$b000285275$mWie der Feldgraue spricht : Scherz und Ernst in der neusten Soldatensprache.$nWie der Feldgraue spricht : Scherz und Ernst in der neusten Soldatensprache.
=DGM  \\$a000285275$bCatBridge variable field
=DRT  \\$aWW1
=SRC  \\$aWW1$bEuropeana_Collections_1914-1918_20131011_1
=OHC  \\$a1
=LAS  \\$aW2001-2376$b00$c20200626$lBLL01$h1829

