=LDR  02024 am a22005053  4500
=001  016552984
=003  Uk
=005  20200626182916.0
=007  cr\mn\024mpada
=008  880408|1938||||enk\\\\|s\\\\\|||\||eng\\
=FMT  \\$a  BK
=019  x\$a0423000268
=040  \\$aUk$cUk
=100  1\$aBRIDGMAN, Leonard.
=245  14$aThe Clouds Remember ... [Drawings of Aeroplanes.] With a commentary by Oliver Stewart.
=264  \1$aAldershot :$bGale & Polden,$c[1938]
=300  \\$axiv, 128 pages ;$c(8º)
=336  \\$atext$2rdacontent
=337  \\$acomputer$2rdamedia
=338  \\$aonline$2rdacarrier
=650  \0$aWorld War, 1914-1918$xAerial operations
=655  \4$aBook
=700  1\$aSTEWART, Oliver,$cWriter on Flying and Motoring.
=859  \\$aXLD$bWW1
=886  2\$2blmarc$a709$b00$aSTEWART$hOliver$fWriter on Flying and Motoring$p8771.c.5.$x3133920006
=852  4\$cDRT$jDigital Store 8771.c.5.$aBritish Library$bHMNTS
=985  \\$aCorrected by BSS-generated file for WR# 11/211
=985  \\$aCorrected by MS generated file for WR# 12.037
=985  \\$aEnhanced by MS generated file for WR# 12/139
=985  \\$aCorrected by MS generated file for WR# 1805-0738
=CAT  \\$aBATCH-DCW$b00$c20131127$lBLL01$h1757
=CAT  \\$aWR14.046$c20140417$lBLL01$h1725
=CAT  \\$aWR13.144/5$c20140418$lBLL01$h1049
=CAT  \\$aBATCH-RIGH$c20170607$lBLL01$h1816
=CAT  \\$aR1706-1834$c20170629$lBLL01$h1227
=CAT  \\$a1805-0738$c20181228$lBLL01$h1834
=CAT  \\$a1805-0738$b00$c20181228$lBLL01$h1918
=CAT  \\$aW2001-2376$c20200626$lBLL01$h1829
=FIN  \\$aY$d20131127
=LKR  \\$aPAR$lBLL01$r776$b000471162$mThe Clouds Remember ... [Drawings of Aeroplanes.] With a commentary by Oliver Stewart.$nThe Clouds Remember ... [Drawings of Aeroplanes.] With a commentary by Oliver Stewart.
=DGM  \\$a000471162$bCatBridge variable field
=DRT  \\$aWW1
=SRC  \\$aWW1$bEuropeana_Collections_1914-1918_20131011_1
=OHC  \\$a1
=LAS  \\$aW2001-2376$b00$c20200626$lBLL01$h1829

