=LDR  02777 am a22005173  4500
=001  016552986
=003  Uk
=005  20200626182916.0
=007  cr\mn\024mpada
=008  880209|1938||||xxc\\\\|s\\\\o|||\||eng\\
=FMT  \\$a  BK
=019  x\$a0523090056
=040  \\$aUk$cUk
=110  1\$aCANADA.$bArmy.$bNo. 1 Canadian General Hospital.
=245  10$aHistory of No. 1 General Hospital, Canadian Expeditionary Force. No. 1 Canadian General Hospital, 1914-1919. By Kenneth Cameron ... With a record of the work of the Medical Division, by Lieut.-Colonel Norman B. Gwyn ... and a note upon the treatment of fracture of the femur, by Lieut.-Colonel Fred J. Tees. [With plates.]
=264  \1$aSackville,$c1938.
=300  \\$axvi, 667 pages ;$c(8º)
=336  \\$atext$2rdacontent
=337  \\$acomputer$2rdamedia
=338  \\$aonline$2rdacarrier
=650  \0$aRegimental histories.
=650  \0$aWorld War, 1914-1918$xMedical care.
=655  \4$aBook
=700  1\$aCAMERON, Kenneth,$cColonel, C:M.G.
=859  \\$aXLD$bWW1
=886  2\$2blmarc$a709$b00$aCAMERON$hKenneth$fColonel, C:M.G.$p9087.bb.27.$x0515170275
=852  4\$cDRT$jDigital Store 9087.bb.27.$aBritish Library$bHMNTS
=985  \\$aCorrected by BSS-generated file for WR# 11/048
=985  \\$aCorrected by MS generated file for WR# 12.037
=985  \\$aEnhanced by MS generated file for WR# 12/139
=985  \\$aEnhanced by MS generated file for WR# 13/021
=985  \\$aEnhanced by MS generated file for WR# 13/054
=985  \\$aCorrected by MS generated file for WR# 1805-0738
=CAT  \\$aBATCH-DCW$b00$c20131127$lBLL01$h1757
=CAT  \\$aWR14.046$c20140417$lBLL01$h1725
=CAT  \\$aWR13.144/5$c20140418$lBLL01$h1049
=CAT  \\$a1805-0738$c20181228$lBLL01$h1834
=CAT  \\$a1805-0738$b00$c20181228$lBLL01$h1918
=CAT  \\$aW2001-2376$c20200626$lBLL01$h1829
=FIN  \\$aY$d20131127
=LKR  \\$aPAR$lBLL01$r776$b000589004$mHistory of No. 1 General Hospital, Canadian Expeditionary Force. No. 1 Canadian General Hospital, 1914-1919. By Kenneth Cameron ... With a record of the work of the Medical Division, by Lieut.-Colonel Norman B. Gwyn ... and a note upon the treatment of fracture of the femur, by Lieut.-Colonel Fred J. Tees. [With plates.]$nHistory of No. 1 General Hospital, Canadian Expeditionary Force. No. 1 Canadian General Hospital, 1914-1919. By Kenneth Cameron ... With a record of the work of the Medical Division, by Lieut.-Colonel Norman B. Gwyn ... and a note upon the treatment of fracture of the femur, by Lieut.-Colonel Fred J. Tees. [With plates.]
=DGM  \\$a000589004$bCatBridge variable field
=DRT  \\$aWW1
=SRC  \\$aWW1$bEuropeana_Collections_1914-1918_20131011_1
=OHC  \\$a1
=LAS  \\$aW2001-2376$b00$c20200626$lBLL01$h1829

