=LDR  02357 am a22005173  4500
=001  016552987
=003  Uk
=005  20200626182916.0
=007  cr\mn\024mpada
=008  880314|1934||||enk\\\\|s\\\\\|||\||eng\\
=FMT  \\$a  BK
=019  x\$a0693990198
=040  \\$aUk$cUk
=100  1\$aCoppens de Houthulst, Willy$d1892-1986.
=245  10$a[Jours envolés.] Days on the Wing. Being the war memoirs of Major the Chevalier W. Coppens de Houthulst ... Translated ... by A. J. Insall, etc. [With plates, including a portrait.]
=264  \1$aLondon :$bJohn Hamilton,$c[1934]
=300  \\$axv, 290 pages ;$c(8º)
=336  \\$atext$2rdacontent
=337  \\$acomputer$2rdamedia
=338  \\$aonline$2rdacarrier
=650  \0$aWorld War, 1914-1918$vPersonal narratives
=655  \4$aBook
=700  1\$aINSALL, Algernon John.
=859  \\$aXLD$bWW1
=886  2\$2blmarc$a709$b00$aINSALL$hAlgernon John$p09079.bb.1.$x1590480031
=852  4\$cDRT$jDigital Store 09079.bb.1.$aBritish Library$bHMNTS
=985  \\$aCorrected by BSS-generated file for WR# 11/211
=985  \\$aCorrected by MS generated file for WR# 12.037
=985  \\$aEnhanced by MS generated file for WR# 12/139
=985  \\$aEnhanced by MS generated file for WR# 13/021
=985  \\$aEnhanced by MS generated file for WR# 13/054
=985  \\$aCorrected by MS generated file for WR# 1805-0738
=CAT  \\$aBATCH-DCW$b00$c20131127$lBLL01$h1757
=CAT  \\$aWR14.046$c20140417$lBLL01$h1725
=CAT  \\$aWR13.144/5$c20140418$lBLL01$h1049
=CAT  \\$a1805-0738$c20181228$lBLL01$h1834
=CAT  \\$a1805-0738$b00$c20181228$lBLL01$h1918
=CAT  \\$a9572$b40$c20190624$lBLL01$h1400
=CAT  \\$aW2001-2376$c20200626$lBLL01$h1829
=FIN  \\$aY$d20131127
=LKR  \\$aPAR$lBLL01$r776$b000782686$m[Jours envolés.] Days on the Wing. Being the war memoirs of Major the Chevalier W. Coppens de Houthulst ... Translated ... by A. J. Insall, etc. [With plates, including a portrait.]$n[Jours envolés.] Days on the Wing. Being the war memoirs of Major the Chevalier W. Coppens de Houthulst ... Translated ... by A. J. Insall, etc. [With plates, including a portrait.]
=DGM  \\$a000782686$bCatBridge variable field
=DRT  \\$aWW1
=SRC  \\$aWW1$bEuropeana_Collections_1914-1918_20131011_1
=OHC  \\$a1
=LAS  \\$aW2001-2376$b00$c20200626$lBLL01$h1829

