=LDR  02010 am a22005173  4500
=001  016552988
=003  Uk
=005  20200626182916.0
=007  cr\mn\024mpada
=008  880623s1917\\\\gw\\\\\|s\\\\\|||\||eng\\
=FMT  \\$a  BK
=019  x\$a0851000053
=040  \\$aUk$cUk
=245  04$aThe Link:$ba souvenir book published by British Prisoners of War interned at Doeberitz, Germany, 1914-17 /$cEdited by A. E. Barter, J. Power, C. A. Tooke ...
=250  \\$aDoeberitz edition
=264  \1$aBerlin-Schöneberg,$c1917.
=300  \\$c(4º)
=336  \\$atext$2rdacontent
=337  \\$acomputer$2rdamedia
=338  \\$aonline$2rdacarrier
=610  20$aGefangenenlager Döberitz (Döberitz, Germany)
=650  \0$aPrisoners of war.
=650  \0$aWorld War, 1914-1918.
=655  \4$aBook
=700  1\$aBARTER, A. Elliot.
=700  1\$aPOWER, J.,$cR.N.V.R.
=700  1\$aTOOKE, Cecil A.
=859  \\$aXLD$bWW1
=852  4\$cDRT$jDigital Store 12350.k.28.$aBritish Library$bHMNTS
=985  \\$aCorrected by MS generated file for WR# 12.037
=985  \\$aEnhanced by MS generated file for WR# 12/139
=985  \\$aCorrected by MS generated file for WR# 1805-0738
=CAT  \\$aBATCH-DCW$b00$c20131127$lBLL01$h1757
=CAT  \\$aWR14.046$c20140417$lBLL01$h1725
=CAT  \\$aWR13.144/5$c20140418$lBLL01$h1049
=CAT  \\$a1805-0738$c20181228$lBLL01$h1834
=CAT  \\$a1805-0738$b00$c20181228$lBLL01$h1918
=CAT  \\$a9243$b40$c20190116$lBLL01$h1036
=CAT  \\$aW2001-2376$c20200626$lBLL01$h1829
=FIN  \\$aY$d20131127
=LKR  \\$aPAR$lBLL01$r776$b000959096$mThe Link: a souvenir book published by British Prisoners of War interned at Doeberitz, Germany, 1914-17 /$nThe Link: a souvenir book published by British Prisoners of War interned at Doeberitz, Germany, 1914-17 /
=DGM  \\$a000959096$bCatBridge variable field
=DRT  \\$aWW1
=SRC  \\$aWW1$bEuropeana_Collections_1914-1918_20131011_1
=OHC  \\$a1
=LAS  \\$aW2001-2376$b00$c20200626$lBLL01$h1829

