=LDR  01909 am a22004933  4500
=001  016552991
=003  Uk
=005  20200626182917.0
=007  cr\mn\024mpada
=008  880718|1918||||stk\\\\|s\\\\o|||\||eng\\
=FMT  \\$a  BK
=019  x\$a0970020198
=040  \\$aUk$cUk
=110  1\$aGreat Britain.$bArmy.$bCameronians (Scottish Rifles)
=245  14$aThe Cameronians (Scottish Rifles). The story of the regiment. By Douglas Ferrior.
=264  \1$a[Hamilton] :$bHamilton Advertiser,$c[1918]
=300  \\$a16 pages ;$c(16º)
=336  \\$atext$2rdacontent
=337  \\$acomputer$2rdamedia
=338  \\$aonline$2rdacarrier
=650  \0$aRegimental histories
=655  \4$aBook
=700  1\$aFERRIER, Douglas.
=859  \\$aXLD$bWW1
=886  2\$2blmarc$a709$b00$aFERRIER$hDouglas$p8825.aaa.79.$x1074770153
=852  4\$cDRT$jDigital Store 8825.aaa.79.$aBritish Library$bHMNTS
=985  \\$aCorrected by BSS-generated file for WR# 11/211
=985  \\$aEnhanced by MS generated file for WR# 12/139
=985  \\$aCorrected by MS generated file for WR# 1805-0738
=CAT  \\$aBATCH-DCW$b00$c20131127$lBLL01$h1757
=CAT  \\$aWR14.046$c20140417$lBLL01$h1725
=CAT  \\$aWR13.144/5$c20140418$lBLL01$h1049
=CAT  \\$aBATCH-RIGH$c20170607$lBLL01$h1816
=CAT  \\$aR1706-1834$c20170629$lBLL01$h1227
=CAT  \\$a1805-0738$c20181228$lBLL01$h1834
=CAT  \\$a1805-0738$b00$c20181228$lBLL01$h1918
=CAT  \\$aW2001-2376$c20200626$lBLL01$h1829
=FIN  \\$aY$d20131127
=LKR  \\$aPAR$lBLL01$r776$b001096387$mThe Cameronians (Scottish Rifles). The story of the regiment. By Douglas Ferrior.$nThe Cameronians (Scottish Rifles). The story of the regiment. By Douglas Ferrior.
=DGM  \\$a001096387$bCatBridge variable field
=DRT  \\$aWW1
=SRC  \\$aWW1$bEuropeana_Collections_1914-1918_20131011_1
=OHC  \\$a1
=LAS  \\$aW2001-2376$b00$c20200626$lBLL01$h1829

