=LDR  01877 am a22004693  4500
=001  016552992
=003  Uk
=005  20200626182917.0
=007  cr\mn\024mpada
=008  880718|1918|||||||\\\\|s\\\\o|||\||eng\\
=FMT  \\$a  BK
=019  x\$a0970340257
=040  \\$aUk$cUk
=110  1\$aGreat Britain.$bArmy.$bInfantry.$bRegiments.$bRoyal Inniskilling Fusiliers.
=245  10$aOfficers Mess Plate. 3rd Royal Inniskilling Fusiliers. [With roll of commanding officers. Two sheets.]
=264  \1$c[1918]
=300  \\$c(folio)
=336  \\$atext$2rdacontent
=337  \\$acomputer$2rdamedia
=338  \\$aonline$2rdacarrier
=650  \0$aRegimental histories
=655  \4$aOfficial document
=859  \\$aXLD$bWW1
=852  4\$aBritish Library$bHMNTS$cDRT$jDigital Store 1865.c.4.(78.)
=985  \\$aCorrected by BSS-generated file for WR# 08/145
=985  \\$aCorrected by BSS-generated file for WR# 11/211
=985  \\$aEnhanced by MS generated file for WR# 13/021
=985  \\$aEnhanced by MS generated file for WR# 13/054
=985  \\$aCorrected by MS generated file for WR# 1805-0738
=CAT  \\$aBATCH-DCW$b00$c20131127$lBLL01$h1757
=CAT  \\$aWR14.046$c20140417$lBLL01$h1725
=CAT  \\$aWR13.144/5$c20140418$lBLL01$h1049
=CAT  \\$a1805-0738$c20181228$lBLL01$h1834
=CAT  \\$a1805-0738$b00$c20181228$lBLL01$h1918
=CAT  \\$aW2001-2376$c20200626$lBLL01$h1829
=FIN  \\$aY$d20131127
=LKR  \\$aPAR$lBLL01$r776$b001097169$mOfficers Mess Plate. 3rd Royal Inniskilling Fusiliers. [With roll of commanding officers. Two sheets.]$nOfficers Mess Plate. 3rd Royal Inniskilling Fusiliers. [With roll of commanding officers. Two sheets.]
=DGM  \\$a001097169$bCatBridge variable field
=DRT  \\$aWW1
=SRC  \\$aWW1$bEuropeana_Collections_1914-1918_20131011_1
=OHC  \\$a1
=LAS  \\$aW2001-2376$b00$c20200626$lBLL01$h1829

