=LDR  02197 am a22005053  4500
=001  016552994
=003  Uk
=005  20200626182917.0
=007  cr\mn\024mpada
=008  880629|1917||||enk\\\\|s\\\\o|||\||eng\\
=FMT  \\$a  BK
=019  x\$a099064023X
=040  \\$aUk$cUk
=110  1\$aGreat Britain.$bWar Office.
=245  10$aGeneral Principles guiding the Treatment of Wounds of War. Conclusions adopted by the Inter-Allied Surgical Conference held in Paris ... 1917, etc.
=264  \1$aLondon,$c1917.
=300  \\$a40 pages ;$c(16º)
=336  \\$atext$2rdacontent
=337  \\$acomputer$2rdamedia
=338  \\$aonline$2rdacarrier
=650  \0$aWorld War, 1914-1918$xMedical care
=655  \4$aOfficial document
=711  2\$aINTER-ALLIED SURGICAL CONFERENCE.
=859  \\$aXLD$bWW1
=886  2\$2blmarc$a709$b00$aINTER-ALLIED SURGICAL CONFERENCE$p8825.aaa.66.$x1591430097
=852  4\$cDRT$jDigital Store 8825.aaa.66.$aBritish Library$bHMNTS
=985  \\$aCorrected by BSS-generated file for WR# 11/031
=985  \\$aCorrected by MS generated file for WR# 12.037
=985  \\$aEnhanced by MS generated file for WR# 12/139
=985  \\$aEnhanced by MS generated file for WR# 13/021
=985  \\$aEnhanced by MS generated file for WR# 13/054
=985  \\$aCorrected by MS generated file for WR# 1805-0738
=CAT  \\$aBATCH-DCW$b00$c20131127$lBLL01$h1757
=CAT  \\$aWR14.046$c20140417$lBLL01$h1725
=CAT  \\$aWR13.144/5$c20140418$lBLL01$h1049
=CAT  \\$a1805-0738$c20181228$lBLL01$h1834
=CAT  \\$a1805-0738$b00$c20181228$lBLL01$h1918
=CAT  \\$aW2001-2376$c20200626$lBLL01$h1829
=FIN  \\$aY$d20131127
=LKR  \\$aPAR$lBLL01$r776$b001121546$mGeneral Principles guiding the Treatment of Wounds of War. Conclusions adopted by the Inter-Allied Surgical Conference held in Paris ... 1917, etc.$nGeneral Principles guiding the Treatment of Wounds of War. Conclusions adopted by the Inter-Allied Surgical Conference held in Paris ... 1917, etc.
=DGM  \\$a001121546$bCatBridge variable field
=DRT  \\$aWW1
=SRC  \\$aWW1$bEuropeana_Collections_1914-1918_20131011_1
=OHC  \\$a1
=LAS  \\$aW2001-2376$b00$c20200626$lBLL01$h1829

