=LDR  01770 am a22004693  4500
=001  016552995
=003  Uk
=005  20200626182917.0
=007  cr\mn\024mpada
=008  950517s1914\\\\gw\\\\\|s\\\\o|||\||ger\\
=FMT  \\$a  BK
=019  x\$a1231100273
=040  \\$aUk$cUk
=110  1\$aGermany.$bAuswärtiges Amt.
=245  10$aHow the Franco-German Conflict might have been avoided :$bOfficial documents.
=264  \1$aBerlin :$bLiebheit & Thiesen,$c[1914]
=300  \\$a7 pages ;$c(8º)
=336  \\$atext$2rdacontent
=337  \\$acomputer$2rdamedia
=338  \\$aonline$2rdacarrier
=650  \0$aWorld War, 1914-1918$xCauses
=650  \0$aWorld War, 1914-1918$xCauses.
=655  \4$aBook
=859  \\$aXLD$bWW1
=852  4\$cDRT$jDigital Store 08028.ee.18.$aBritish Library$bHMNTS
=985  \\$aCorrected by BSS-generated file for WR# 11/211
=985  \\$aCorrected by MS generated file for WR# 12.037
=985  \\$aEnhanced by MS generated file for WR# 13/054
=985  \\$aCorrected by MS generated file for WR# 1805-0738
=CAT  \\$aBATCH-DCW$b00$c20131127$lBLL01$h1757
=CAT  \\$aWR14.046$c20140417$lBLL01$h1725
=CAT  \\$aWR13.144/5$c20140418$lBLL01$h1049
=CAT  \\$a1805-0738$c20181228$lBLL01$h1834
=CAT  \\$a1805-0738$b00$c20181228$lBLL01$h1918
=CAT  \\$aW2001-2376$c20200626$lBLL01$h1829
=FIN  \\$aY$d20131127
=LKR  \\$aPAR$lBLL01$r776$b001401464$mHow the Franco-German Conflict might have been avoided : Official documents.$nHow the Franco-German Conflict might have been avoided : Official documents.
=DGM  \\$a001401464$bCatBridge variable field
=DRT  \\$aWW1
=SRC  \\$aWW1$bEuropeana_Collections_1914-1918_20131011_1
=OHC  \\$a1
=LAS  \\$aW2001-2376$b00$c20200626$lBLL01$h1829

