=LDR  02262 am a22005293  4500
=001  016552998
=003  Uk
=005  20200626182917.0
=007  cr\mn\024mpada
=008  890802|1916||||xxu\\\\|s\\\\\|||\||eng\\
=FMT  \\$a  BK
=019  x\$a2322930105
=040  \\$aUk$cUk
=100  1\$aNASMYTH, George William.
=245  10$aSocial Progress and the Darwinian Theory; a study of force as a factor in human relations ... With an introduction by Norman Angell.
=264  \1$aNew York ;$aLondon :$bG. P. Putnam's Sons,$c1916.
=300  \\$axxiii, 417 pages ;$c(8º)
=336  \\$atext$2rdacontent
=337  \\$acomputer$2rdamedia
=338  \\$aonline$2rdacarrier
=650  \0$aWorld War, 1914-1918$xEconomic aspects.
=655  \4$aPamphlet
=700  1\$aAngell, Norman,$d1874-1967.
=859  \\$aXLD$bWW1
=886  2\$2blmarc$a709$b00$aANGELL$eSir$hNorman$p8006.k.7.$x0083890203
=852  4\$cDRT$jDigital Store 8006.k.7.$aBritish Library$bHMNTS
=985  \\$aCorrected by BSS-generated file for WR# 11/211
=985  \\$aCorrected by MS generated file for WR# 12.037
=985  \\$aEnhanced by MS generated file for WR# 12/139
=985  \\$aEnhanced by MS generated file for WR# 13/021
=985  \\$aEnhanced by MS generated file for WR# 13/054
=985  \\$aCorrected by MS generated file for WR# 1805-0738
=CAT  \\$aBATCH-DCW$b00$c20131127$lBLL01$h1757
=CAT  \\$aWR14.046$c20140417$lBLL01$h1725
=CAT  \\$aWR13.144/5$c20140418$lBLL01$h1049
=CAT  \\$aBATCH-RIGH$c20170607$lBLL01$h1816
=CAT  \\$aR1706-1834$c20170629$lBLL01$h1227
=CAT  \\$a1805-0738$c20181228$lBLL01$h1834
=CAT  \\$a1805-0738$b00$c20181228$lBLL01$h1918
=CAT  \\$aW2001-2376$c20200626$lBLL01$h1829
=FIN  \\$aY$d20131127
=LKR  \\$aPAR$lBLL01$r776$b002608611$mSocial Progress and the Darwinian Theory; a study of force as a factor in human relations ... With an introduction by Norman Angell.$nSocial Progress and the Darwinian Theory; a study of force as a factor in human relations ... With an introduction by Norman Angell.
=DGM  \\$a002608611$bCatBridge variable field
=DRT  \\$aWW1
=SRC  \\$aWW1$bEuropeana_Collections_1914-1918_20131011_1
=OHC  \\$a1
=LAS  \\$aW2001-2376$b00$c20200626$lBLL01$h1829

