=LDR  01463 am a22004333  4500
=001  016552999
=003  Uk
=005  20131127175730.0
=007  cr\mn\024mpada
=008  891031s1914\\\\gw\\\\\|s\\\\\|||\||ger\\
=FMT  \\$a  BK
=019  x\$a2560750325
=040  \\$aUk$cUk
=100  1\$aPeters, Carl,$d1856-1918.
=245  14$aDas deutsche Elend in London /$cvon Carl Peters.
=260  \\$aLeipzig :$bS. Hirzel,$c1914.
=300  \\$a45 p. ;$c22 cm.
=336  \\$atext$2rdacontent
=337  \\$acomputer$2rdamedia
=338  \\$aonline$2rdacarrier
=490  0\$aZwischen Krieg und Frieden ;$v11.
=650  \0$aGermans$zGreat Britain
=650  \0$aWorld War, 1914-1918$xPrisoners and prisons, British
=650  \0$aWorld War, 1914-1918.
=655  \4$aBook
=859  \\$aXLD$bWW1
=852  4\$cDRT$jDigital Store X.709/51572.$aBritish Library$bHMNTS
=985  \\$aCorrected by BSS-generated file for WR# 10/172
=985  \\$aCorrected by MS generated file for WR# 12.037
=CAT  \\$aBATCH-DCW$b00$c20131127$lBLL01$h1757
=CAT  \\$aWR14.046$c20140417$lBLL01$h1725
=CAT  \\$aWR13.144/5$c20140418$lBLL01$h1049
=FIN  \\$aY$d20131127
=LKR  \\$aPAR$lBLL01$r776$b002884780$mDas deutsche Elend in London /$nDas deutsche Elend in London /
=DGM  \\$a002884780$bCatBridge variable field
=DRT  \\$aWW1
=SRC  \\$aWW1$bEuropeana_Collections_1914-1918_20131011_1
=OHC  \\$a1
=LAS  \\$aWR13.144/5$b00$c20140418$lBLL01$h1049

