=LDR  02233 am a22004693  4500
=001  016553000
=003  Uk
=005  20200626182917.0
=007  cr\mn\024mpada
=008  900406s1912\\\\enk\\\\\s\\\\\000\0\eng\\
=FMT  \\$a  BK
=019  x\$a3013740221
=040  \\$aUk$cUk$dUk
=100  1\$aSHRUBSOLE, William Hobbs.
=245  10$aNotes on Hungarian affairs /$cby W.H. Shrubsole.
=264  \1$aEltham :$bW.H. Shrubsole,$c[1912]
=300  \\$a8 pages ;$c33 cm, (folio)
=336  \\$atext$2rdacontent
=337  \\$acomputer$2rdamedia
=338  \\$aonline$2rdacarrier
=505  0\$aThe political status of Hungary -- The "common affairs" of Austria and Hungary -- Differing statements about Hungary -- Is Vienna the capital of "Austria-Hungary"? -- Should German names of Hungarian places be used in our school books and atlases? -- Progressive Hungary -- Roadside fruit trees in Hungary -- Village life in Saxon Hungary -- The protection of useful birds in Hungary and in Great Britain : a contrast -- National institutions for the care of children in Hungary -- A model Hungarian village -- Communal land in Hungary -- A municipal bakery in Budapest -- A new book on Hungary.
=651  \0$aHungary$xPolitics and government$y1867-1918.
=651  \0$aHungary$xSocial conditions$y1867-1918.
=655  \4$aPamphlet
=859  \\$aXLD$bWW1
=852  4\$cDRT$jDigital Store 10108.l.6.(2.)$aBritish Library$bHMNTS
=985  \\$aCorrected by BSS-generated file for WR# 11/211
=985  \\$aCorrected by MS generated file for WR# 12.037
=985  \\$aCorrected by MS generated file for WR# 1805-0738
=CAT  \\$aBATCH-DCW$b00$c20131127$lBLL01$h1757
=CAT  \\$aWR14.046$c20140417$lBLL01$h1725
=CAT  \\$aWR13.144/5$c20140418$lBLL01$h1049
=CAT  \\$a1805-0738$c20181228$lBLL01$h1834
=CAT  \\$a1805-0738$b00$c20181228$lBLL01$h1918
=CAT  \\$aW2001-2376$c20200626$lBLL01$h1829
=FIN  \\$aY$d20131127
=LKR  \\$aPAR$lBLL01$r776$b003374370$mNotes on Hungarian affairs /$nNotes on Hungarian affairs /
=DGM  \\$a003374370$bCatBridge variable field
=DRT  \\$aWW1
=SRC  \\$aWW1$bEuropeana_Collections_1914-1918_20131011_1
=OHC  \\$a1
=LAS  \\$aW2001-2376$b00$c20200626$lBLL01$h1829

