=LDR  01841 am a22004577a 4500
=001  016553001
=003  Uk
=005  20131127175730.0
=007  cr\mn\024mpada
=008  040421s1919\\\\xxcac\\\s\\\\\001\0\eng\\
=FMT  \\$a  BK
=040  \\$aUk$beng$cUk
=100  1\$aHopkins, J. Castell$q(John Castell),$d1864-1923.
=245  10$aCanada at war :$ba record of heroism and achievement, 1914-1918 /$cby J. Castell Hopkins. A story of five cities / by Robert John Renison.
=260  \\$aToronto :$bCanadian Annual Review,$c1919.
=300  \\$aviii, 448 p., [64] p. of plates :$bill., ports. (some col.) ;$c24 cm.
=336  \\$atext$2rdacontent
=337  \\$acomputer$2rdamedia
=338  \\$aonline$2rdacarrier
=500  \\$aIncludes index.
=650  \0$aWorld War, 1914-1918$xCampaigns$zBelgium.
=650  \0$aWorld War, 1914-1918$xCampaigns$zFrance.
=650  \0$aWorld War, 1914-1918$xCampaigns$zWestern Front.
=650  \0$aWorld War, 1914-1918$zCanada.
=655  \4$aBook
=700  1\$aRenison, Robert John,$d1875-1957.$tStory of five cities.
=859  \\$aXLD$bWW1
=852  4\$cDRT$jDigital Store YD.2004.a.3814$aBritish Library$bHMNTS
=957  \\$r16/03/2004
=985  \\$aCorrected by MS generated file for WR# 12.037
=CAT  \\$aBATCH-DCW$b00$c20131127$lBLL01$h1757
=CAT  \\$aWR14.046$c20140417$lBLL01$h1725
=CAT  \\$aWR13.144/5$c20140418$lBLL01$h1049
=CAT  \\$aBATCH-UPD$b00$c20150404$lBLL01$h1700
=FIN  \\$aY$d20131127
=LKR  \\$aPAR$lBLL01$r776$b009621201$mCanada at war : a record of heroism and achievement, 1914-1918 /$nCanada at war : a record of heroism and achievement, 1914-1918 /
=DGM  \\$a009621201$bCatBridge variable field
=DRT  \\$aWW1
=SRC  \\$aWW1$bEuropeana_Collections_1914-1918_20131011_1
=OHC  \\$a1
=LAS  \\$aBATCH-UPD$b00$c20150404$lBLL01$h1700

