=LDR  01581 am a2200433uu 4500
=001  016553017
=003  Uk
=005  20131127234907.0
=007  cr\mn\024mpada
=008  040420s1925\\\\enkb\\\\s\\\\\000\0\eng\\
=FMT  \\$a  BK
=019  u\$aG10901551
=019  x\$a0970110243
=040  \\$aUk$cUk$dUk
=100  1\$aPetre, F. Loraine$q(Francis Loraine),$d1852-1925.
=245  14$aThe Scots Guards in The Great War 1914-1918 /$cFrancis Loraine Petre, Wilfrid Ewart and Maj-Gen. Sir Henry Cecil Lowther.
=260  \\$aLondon :$bMurray,$c1925.
=300  \\$axiii, 349 p. :$bmaps ;$c23 cm.
=336  \\$atext$2rdacontent
=337  \\$acomputer$2rdamedia
=338  \\$aonline$2rdacarrier
=610  10$aGreat Britain.$bArmy.$bScots Guards.
=650  \0$aRegimental histories
=650  \0$aWorld War, 1914-1918$xRegimental histories$zGreat Britain
=655  \4$aBook
=700  1\$aEwart, Wilfrid,$d1892-1922.
=700  1\$aLowther, H. C.$q(Henry Cecil),$cSir,$d1869-1940.
=859  \\$aXLD$bWW1
=852  4\$aBritish Library$bHMNTS$cDRT$jDigital Store 09081.b.7.
=CAT  \\$aBATCH-DCW$b00$c20131127$lBLL01$h2349
=CAT  \\$aWR14.046$c20140417$lBLL01$h1725
=CAT  \\$aWR13.144/5$c20140418$lBLL01$h1049
=FIN  \\$aY$d20131127
=LKR  \\$aPAR$lBLL01$r776$b008934578$mThe Scots Guards in The Great War 1914-1918 /$nThe Scots Guards in The Great War 1914-1918 /
=DGM  \\$a008934578$bCatBridge variable field
=DRT  \\$aWW1
=SRC  \\$aWW1$bEuropeana_Collections_1914-1918_20131012_1
=OHC  \\$a2
=LAS  \\$aWR13.144/5$b00$c20140418$lBLL01$h1049

