=LDR  01943 am a22004813  4500
=001  016553018
=003  Uk
=005  20200626182917.0
=007  cr\mn\024mpada
=008  880726|1921||||enk\\\\|s\\\\o|||\||eng\\
=FMT  \\$a  BK
=019  x\$a0964430010
=040  \\$aUk$cUk
=110  1\$aGreat Britain.$bArmy.$bDivision, 20th.
=245  14$aThe History of the Twentieth (Light) Division. By Captain V. E. Inglefield, etc. [With plates and maps.]
=264  \1$aLondon :$bNisbet & Co,$c1921.
=300  \\$axii, 319 pages ;$c(8º)
=336  \\$atext$2rdacontent
=337  \\$acomputer$2rdamedia
=338  \\$aonline$2rdacarrier
=650  \0$aRegimental histories
=655  \4$aBook
=700  1\$aINGLEFIELD, Valentine Erskine.
=859  \\$aXLD$bWW1
=886  2\$2blmarc$a709$b00$aINGLEFIELD$hValentine Erskine$p09084.b.49.$x1584000023
=852  4\$cDRT$jDigital Store 09084.b.49.$aBritish Library$bHMNTS
=985  \\$aCorrected by BSS-generated file for WR# 08/145
=985  \\$aCorrected by BSS-generated file for WR# 11/216
=985  \\$aEnhanced by MS generated file for WR# 12/139
=985  \\$aCorrected by MS generated file for WR# 1805-0738
=CAT  \\$aBATCH-DCW$b00$c20131127$lBLL01$h2349
=CAT  \\$aWR14.046$c20140417$lBLL01$h1725
=CAT  \\$aWR13.144/5$c20140418$lBLL01$h1049
=CAT  \\$a1805-0738$c20181228$lBLL01$h1834
=CAT  \\$a1805-0738$b00$c20181228$lBLL01$h1918
=CAT  \\$aW2001-2376$c20200626$lBLL01$h1829
=FIN  \\$aY$d20131127
=LKR  \\$aPAR$lBLL01$r776$b001094760$mThe History of the Twentieth (Light) Division. By Captain V. E. Inglefield, etc. [With plates and maps.]$nThe History of the Twentieth (Light) Division. By Captain V. E. Inglefield, etc. [With plates and maps.]
=DGM  \\$a001094760$bCatBridge variable field
=DRT  \\$aWW1
=SRC  \\$aWW1$bEuropeana_Collections_1914-1918_20131012_1
=OHC  \\$a1
=LAS  \\$aW2001-2376$b00$c20200626$lBLL01$h1829

