=LDR  02161 am a22005053  4500
=001  016553020
=003  Uk
=005  20200626182917.0
=007  cr\mn\024mpada
=008  880726|1921||||stk\\\\|s\\\\o|||\||eng\\
=FMT  \\$a  BK
=019  x\$a0964760290
=040  \\$aUk$cUk
=110  1\$aGreat Britain.$bArmy.$bCavalry.$bCavalry Regiments.$bThirteenth Hussars.
=245  14$aThe Thirteenth Hussars in the Great War. By ... Sir H. Mortimer Durand ... With maps and illustrations.
=264  \1$aEdinburgh ;$aLondon :$bW. Blackwood & Sons,$c1921.
=300  \\$axiii, 392 pages ;$c(8º)
=336  \\$atext$2rdacontent
=337  \\$acomputer$2rdamedia
=338  \\$aonline$2rdacarrier
=650  \0$aWorld War, 1914-1918$xTransportation
=655  \4$aBook
=700  1\$aDurand, H. Mortimer$q(Henry Mortimer),$d1850-1924.
=859  \\$aXLD$bWW1
=886  2\$2blmarc$a709$b00$aDURAND$eRight Hon. Sir$hHenry Mortimer$fG.C.M.G.$p9083.dd.17.$x0894650025
=852  4\$cDRT$jDigital Store 9083.dd.17.$aBritish Library$bHMNTS
=985  \\$aCorrected by BSS-generated file for WR# 08/145
=985  \\$aCorrected by BSS-generated file for WR# 11/211
=985  \\$aCorrected by MS generated file for WR# 12.037
=985  \\$aEnhanced by MS generated file for WR# 12/139
=985  \\$aCorrected by MS generated file for WR# 1805-0738
=CAT  \\$aBATCH-DCW$b00$c20131127$lBLL01$h2349
=CAT  \\$aWR14.046$c20140417$lBLL01$h1725
=CAT  \\$aWR13.144/5$c20140418$lBLL01$h1049
=CAT  \\$a1805-0738$c20181228$lBLL01$h1834
=CAT  \\$a1805-0738$b00$c20181228$lBLL01$h1918
=CAT  \\$a4039$b40$c20191218$lBLL01$h1210
=CAT  \\$aW2001-2376$c20200626$lBLL01$h1829
=FIN  \\$aY$d20131127
=LKR  \\$aPAR$lBLL01$r776$b001095890$mThe Thirteenth Hussars in the Great War. By ... Sir H. Mortimer Durand ... With maps and illustrations.$nThe Thirteenth Hussars in the Great War. By ... Sir H. Mortimer Durand ... With maps and illustrations.
=DGM  \\$a001095890$bCatBridge variable field
=DRT  \\$aWW1
=SRC  \\$aWW1$bEuropeana_Collections_1914-1918_20131012_1
=OHC  \\$a1
=LAS  \\$aW2001-2376$b00$c20200626$lBLL01$h1829

