=LDR  01577 am a2200433 a 4500
=001  016553021
=003  Uk
=005  20131127234919.0
=007  cr\mn\024mpada
=008  880908q1927\\\\hu\\\\\\s\\\\\000\p\hun\\
=FMT  \\$a  BK
=019  x\$a1361490314
=040  \\$aUk$cUk$dUk
=100  1\$aGyóni, Géza,$d1884-1917.
=245  10$aVersek :$bbéke, háború, fogság /$cGyóni Géza.
=260  \\$aBudapest :$baz Athenaeum Irodalmi és Nyomdai R.-T. kiadása,$c[1927?].
=300  \\$a196 p. ;$c18 cm.
=336  \\$atext$2rdacontent
=337  \\$acomputer$2rdamedia
=338  \\$aonline$2rdacarrier
=650  \0$aWar poetry, Hungarian$y20th century.
=650  \0$aWorld War, 1914-1918$vPoetry.
=650  \0$aWorld War, 1914-1918$xPrisoners and prisons, Hungarian$vPoetry.
=655  \4$aBook
=859  \\$aXLD$bWW1
=852  4\$cDRT$jDigital Store X.989/17250$aBritish Library$bHMNTS
=985  \\$aCorrected by BSS-generated file for WR# 10/172
=985  \\$aCorrected by MS generated file for WR# 12.037
=CAT  \\$aBATCH-DCW$b00$c20131127$lBLL01$h2349
=CAT  \\$aWR14.046$c20140417$lBLL01$h1725
=CAT  \\$aWR13.144/5$c20140418$lBLL01$h1049
=CAT  \\$aBATCH-UPD$b00$c20150815$lBLL01$h1719
=FIN  \\$aY$d20131127
=LKR  \\$aPAR$lBLL01$r776$b001551330$mVersek : béke, háború, fogság /$nVersek : béke, háború, fogság /
=DGM  \\$a001551330$bCatBridge variable field
=DRT  \\$aWW1
=SRC  \\$aWW1$bEuropeana_Collections_1914-1918_20131012_1
=OHC  \\$a1
=LAS  \\$aBATCH-UPD$b00$c20150815$lBLL01$h1719

