=LDR  01483 am a2200421 a 4500
=001  016553022
=003  Uk
=005  20131127234919.0
=007  cr\mn\024mpada
=008  890726s1916\\\\hu\\\\\\s\\\\\000\f\hun\\
=FMT  \\$a  BK
=019  x\$a2313990354
=040  \\$aUk$cUk$dUk
=100  1\$aNagy, Samu,$d1881-1940.
=245  12$aA Kárpátokból :$bháborús visszhang /$cNagy Samu.
=260  \\$aBudapest :$bAthenaeum R.-T. kiadása,$c[1916].
=300  \\$a74, [1] p. ;$c18 cm.
=336  \\$atext$2rdacontent
=337  \\$acomputer$2rdamedia
=338  \\$aonline$2rdacarrier
=490  1\$aModern könyvtár ;$v493-495
=650  \0$aWorld War, 1914-1918$xCampaigns$zEastern Front$vFiction.
=655  \4$aBook
=830  \0$aModern könyvtár ;$v493-495.
=859  \\$aXLD$bWW1
=852  4\$cDRT$jDigital Store X.908/655$aBritish Library$bHMNTS
=985  \\$aCorrected by BSS-generated file
=985  \\$aCorrected by MS generated file for WR# 12.037
=CAT  \\$aBATCH-DCW$b00$c20131127$lBLL01$h2349
=CAT  \\$aWR14.046$c20140417$lBLL01$h1725
=CAT  \\$aWR13.144/5$c20140418$lBLL01$h1049
=FIN  \\$aY$d20131127
=LKR  \\$aPAR$lBLL01$r776$b002601651$mA Kárpátokból : háborús visszhang /$nA Kárpátokból : háborús visszhang /
=DGM  \\$a002601651$bCatBridge variable field
=DRT  \\$aWW1
=SRC  \\$aWW1$bEuropeana_Collections_1914-1918_20131012_1
=OHC  \\$a1
=LAS  \\$aWR13.144/5$b00$c20140418$lBLL01$h1049

