=LDR  01893 am a22004693a 4500
=001  016553023
=003  Uk
=005  20200626182917.0
=007  cr\mn\024mpada
=008  891211s1915\\\\enk|||||s|\\\\00|\||eng\\
=FMT  \\$a  BK
=019  x\$a2532660147
=040  \\$aUk$cUk
=245  00$a"Germany on the Brain", or, the obsession of "a crank" :$bGleanings from the National Review, 1899-1914 /$cwith an introductory note by L. J. Maxse.
=264  \1$aLondon :$bThe 'National Review' Office,$c1915.
=300  \\$a368 pages ;$c(8º)
=336  \\$atext$2rdacontent
=337  \\$acomputer$2rdamedia
=338  \\$aonline$2rdacarrier
=650  \0$aWorld War, 1914-1918$xCauses
=650  \0$aWorld War, 1914-1918$xCauses.
=651  \0$aEngland$xRelations$zGermany$xHistory$y20th century.
=655  \4$aBook
=700  1\$aMaxse, Leopold James,$d1864-1932.
=740  4\$aThe National Review.
=859  \\$aXLD$bWW1
=852  4\$cDRT$jDigital Store 08026.dd.7.$aBritish Library$bHMNTS
=985  \\$aCorrected by MS generated file for WR# 12.037
=985  \\$aCorrected by MS generated file for WR# 1805-0738
=CAT  \\$aBATCH-DCW$b00$c20131127$lBLL01$h2349
=CAT  \\$aWR14.046$c20140417$lBLL01$h1725
=CAT  \\$aWR13.144/5$c20140418$lBLL01$h1049
=CAT  \\$a1805-0738$c20181228$lBLL01$h1834
=CAT  \\$a1805-0738$b00$c20181228$lBLL01$h1918
=CAT  \\$aW2001-2376$c20200626$lBLL01$h1829
=FIN  \\$aY$d20131127
=LKR  \\$aPAR$lBLL01$r776$b002849641$m"Germany on the Brain", or, the obsession of "a crank" : Gleanings from the National Review, 1899-1914 /$n"Germany on the Brain", or, the obsession of "a crank" : Gleanings from the National Review, 1899-1914 /
=DGM  \\$a002849641$bCatBridge variable field
=DRT  \\$aWW1
=SRC  \\$aWW1$bEuropeana_Collections_1914-1918_20131012_1
=OHC  \\$a1
=LAS  \\$aW2001-2376$b00$c20200626$lBLL01$h1829

