=LDR  01468 am a22004333  4500
=001  016553024
=003  Uk
=005  20131127234919.0
=007  cr\mn\024mpada
=008  900125|1919||||pl\\\\\|s\\\\\|||\||pol\\
=FMT  \\$a  BK
=019  x\$a2742290087
=040  \\$aUk$cUk
=100  1\$aREYMONT, Władysław Stanisław.
=245  10$aZa frontem, etc.
=260  \\$aWarszawa, etc. :$bnakład Gebethnera i Wolffa,$c1919.
=300  \\$a241 p. ;$c19 cm.
=336  \\$atext$2rdacontent
=337  \\$acomputer$2rdamedia
=338  \\$aonline$2rdacarrier
=650  \0$aWorld War, 1914-1918$zPoland
=655  \4$aBook
=859  \\$aXLD$bWW1
=852  4\$cDRT$jDigital Store X.908/83626.$aBritish Library$bHMNTS
=985  \\$aCorrected by BSS-generated file for WR# 10/172
=985  \\$aCorrected by MS generated file for WR# 12.037
=985  \\$aEnhanced by MS generated file for WR# 12/139
=985  \\$aEnhanced by MS generated file for WR# 13/021
=985  \\$aEnhanced by MS generated file for WR# 13/054
=CAT  \\$aBATCH-DCW$b00$c20131127$lBLL01$h2349
=CAT  \\$aWR14.046$c20140417$lBLL01$h1725
=CAT  \\$aWR13.144/5$c20140418$lBLL01$h1049
=FIN  \\$aY$d20131127
=LKR  \\$aPAR$lBLL01$r776$b003082095$mZa frontem, etc.$nZa frontem, etc.
=DGM  \\$a003082095$bCatBridge variable field
=DRT  \\$aWW1
=SRC  \\$aWW1$bEuropeana_Collections_1914-1918_20131012_1
=OHC  \\$a1
=LAS  \\$aWR13.144/5$b00$c20140418$lBLL01$h1049

