=LDR  02157 am a22005293  4500
=001  016553025
=003  Uk
=005  20200626182917.0
=007  cr\mn\024mpada
=008  941110|1927||||wlk\\\\|s\\\\o|||\||eng\\
=FMT  \\$a  BK
=019  x\$a0964440083
=040  \\$aUk$cUk
=110  1\$aGreat Britain.$bArmy.$bDivision, 53rd (Welsh)
=245  10$aHistory of the 53rd - Welsh - Division, T.F., 1914-1918. By Major C. H. Dudley Ward. [With plates and maps.]
=264  \1$aCardiff,$c1927.
=300  \\$a288 pages ;$c(8º)
=336  \\$atext$2rdacontent
=337  \\$acomputer$2rdamedia
=338  \\$aonline$2rdacarrier
=650  \0$aRegimental histories
=655  \4$aBook
=700  1\$aWARD, Charles Humble Dudley.
=859  \\$aXLD$bWW1
=886  2\$2blmarc$a709$b00$aWARD$hCharles Humble Dudley$p8821.b.5.$x3450260324
=852  4\$cDRT$jDigital Store 8821.b.5.$aBritish Library$bHMNTS
=985  \\$aCorrected by BSS-generated file for WR# 08/145
=985  \\$aCorrected by BSS-generated file for WR# 11/031
=985  \\$aEnhanced by MS generated file for WR# 12/139
=985  \\$aEnhanced by MS generated file for WR# 13/021
=985  \\$aEnhanced by MS generated file for WR# 13/054
=985  \\$aCorrected by MS generated file for WR# 1805-0738
=CAT  \\$aBATCH-DCW$b00$c20131127$lBLL01$h2359
=CAT  \\$aWR14.046$c20140417$lBLL01$h1725
=CAT  \\$aWR13.144/5$c20140418$lBLL01$h1049
=CAT  \\$aBATCH-RIGH$c20170607$lBLL01$h1816
=CAT  \\$aR1706-1834$c20170629$lBLL01$h1227
=CAT  \\$a1805-0738$c20181228$lBLL01$h1834
=CAT  \\$a1805-0738$b00$c20181228$lBLL01$h1918
=CAT  \\$aW2001-2376$c20200626$lBLL01$h1829
=FIN  \\$aY$d20131127
=LKR  \\$aPAR$lBLL01$r776$b001094792$mHistory of the 53rd - Welsh - Division, T.F., 1914-1918. By Major C. H. Dudley Ward. [With plates and maps.]$nHistory of the 53rd - Welsh - Division, T.F., 1914-1918. By Major C. H. Dudley Ward. [With plates and maps.]
=DGM  \\$a001094792$bCatBridge variable field
=DRT  \\$aWW1
=SRC  \\$aWW1$bEuropeana_Collections_1914-1918_20131013_1
=OHC  \\$a1
=LAS  \\$aW2001-2376$b00$c20200626$lBLL01$h1829

