=LDR  01764 am a22004933  4500
=001  016553026
=003  Uk
=005  20200626182917.0
=007  cr\mn\024mpada
=008  880705|1921||||enk\\\\|s\\\\\|||\||eng\\
=FMT  \\$a  BK
=019  x\$a1042200297
=040  \\$aUk$cUk
=100  1\$aEwart, Wilfrid,$d1892-1922.
=245  10$aWay of Revelation, etc.
=264  \1$aLondon ;$aNew York :$bG. P. Putnam's Sons,$c1921.
=300  \\$a534 pages ;$c(8º)
=336  \\$atext$2rdacontent
=337  \\$acomputer$2rdamedia
=338  \\$aonline$2rdacarrier
=650  \0$aWorld War, 1914-1918$xLiterature and the war.
=655  \4$aBook
=859  \\$aXLD$bWW1
=852  4\$cDRT$jDigital Store NN.7531.$aBritish Library$bHMNTS
=985  \\$aCorrected by BSS-generated file for WR# 11/211
=985  \\$aCorrected by MS generated file for WR# 12.037
=985  \\$aEnhanced by MS generated file for WR# 12/139
=985  \\$aEnhanced by MS generated file for WR# 13/021
=985  \\$aEnhanced by MS generated file for WR# 13/054
=985  \\$aCorrected by MS generated file for WR# 1805-0738
=CAT  \\$aBATCH-DCW$b00$c20131127$lBLL01$h2359
=CAT  \\$aWR14.046$c20140417$lBLL01$h1725
=CAT  \\$aWR13.144/5$c20140418$lBLL01$h1049
=CAT  \\$a1805-0738$c20181228$lBLL01$h1834
=CAT  \\$a1805-0738$b00$c20181228$lBLL01$h1918
=CAT  \\$aW2001-2376$c20200626$lBLL01$h1829
=CAT  \\$aBATCH-UPD$b00$c20201220$lBLL01$h2124
=FIN  \\$aY$d20131127
=LKR  \\$aPAR$lBLL01$r776$b001182539$mWay of Revelation, etc.$nWay of Revelation, etc.
=DGM  \\$a001182539$bCatBridge variable field
=DRT  \\$aWW1
=SRC  \\$aWW1$bEuropeana_Collections_1914-1918_20131013_1
=OHC  \\$a1
=LAS  \\$aBATCH-UPD$b00$c20201220$lBLL01$h2124

