=LDR  01659 am a22004093  4500
=001  016553029
=003  Uk
=005  20131128000909.0
=007  cr\mn\024mpada
=008  020326s1916\\\\ru\\\\\\s\\\\\000\0\rus\d
=FMT  \\$a  BK
=019  x\$a1792370148
=040  \\$aZCU$cZCU$dUk
=100  1\$aKrechetov, Sergi︠e︡ĭ,$d1878-1936.
=245  10$6880-01$aS zheli︠e︡zom v rukakh s krestom v serdt︠s︡i︠e ︡ :$bzapiski ofit︠s︡era.
=246  11$aS zhelezom v rukakh s krestom v serdt︠s︡e.
=260  \\$a[Petrograd] :$bKn-vo "Prometeĭ",$c[1916?]
=300  \\$a156 p. ;$c21 cm.
=336  \\$atext$2rdacontent
=337  \\$acomputer$2rdamedia
=338  \\$aonline$2rdacarrier
=650  \0$aWorld War, 1914-1918$vPersonal narratives
=655  \4$aBook
=859  \\$aXLD$bWW1
=880  01$6245-10$aСъ желѣзомъ въ рукахъ, съ крестомъ въ сердцѣ :$cЗаписки офицера.
=852  4\$cDRT$jDigital Store 9081.eee.10.$aBritish Library$bHMNTS
=985  \\$aCorrected by MS generated file for WR# 12.037
=CAT  \\$aBATCH-DCW$b00$c20131128$lBLL01$h0009
=CAT  \\$aWR14.046$c20140417$lBLL01$h1725
=CAT  \\$aWR13.144/5$c20140418$lBLL01$h1049
=FIN  \\$aY$d20131128
=LKR  \\$aPAR$lBLL01$r776$b002020724$mS zheli︠e︡zom v rukakh s krestom v serdt︠s︡i︠e ︡ : zapiski ofit︠s︡era.$nS zheli︠e︡zom v rukakh s krestom v serdt︠s︡i︠e ︡ : zapiski ofit︠s︡era.
=DGM  \\$a002020724$bCatBridge variable field
=DRT  \\$aWW1
=SRC  \\$aWW1$bEuropeana_Collections_1914-1918_20131016_1
=OHC  \\$a1
=LAS  \\$aWR13.144/5$b00$c20140418$lBLL01$h1049

