=LDR  02050 am a2200553   4500
=001  016553030
=003  Uk
=005  20200626182917.0
=007  cr\mn\024mpada
=008  890411s1916\\\\un\\\\\\s\\\\\000\0\ukr\\
=FMT  \\$a  BK
=019  x\$a2014360308
=040  \\$aUk$cUk
=043  \\$ae-pl---$ae-un---
=100  1\$aLozynsʹkyĭ, Mykhaĭlo,$d1880-1937.
=245  10$aВійна і польська полїтична думка /$cМихайло Лозинський.
=246  1\$aViĭna i polʹsʹka politychna dumka
=264  \1$aЛьвів :$bЗ друкарні 'Дїла',$c1916.
=300  \\$a100 pages ;$c(8º)
=336  \\$atext$2rdacontent
=337  \\$acomputer$2rdamedia
=338  \\$aonline$2rdacarrier
=490  0\$aPolitychna biblioteka
=650  \0$aPolish question
=650  \0$aUkrainian question
=650  \0$aUkrainians$zPoland.
=650  \0$aWorld War, 1914-1918$zPoland.
=651  \0$aPoland$xEthnic realtions.
=655  \4$aBook
=859  \\$aXLD$bWW1
=852  4\$cDRT$jDigital Store 08028.c.7.$aBritish Library$bHMNTS
=985  \\$aCorrected by MS generated file for WR# 12.037
=985  \\$aCorrected by MS generated file for WR# 1805-0738
=CAT  \\$aBATCH-DCW$b00$c20131128$lBLL01$h0009
=CAT  \\$aWR14.046$c20140417$lBLL01$h1725
=CAT  \\$aWR13.144/5$c20140418$lBLL01$h1049
=CAT  \\$aBATCH-UPD$b00$c20150520$lBLL01$h1027
=CAT  \\$aBATCH-UPD$b00$c20160515$lBLL01$h2051
=CAT  \\$a1805-0738$c20181228$lBLL01$h1834
=CAT  \\$a1805-0738$b00$c20181228$lBLL01$h1918
=CAT  \\$aBATCH-UPD$b00$c20190503$lBLL01$h2034
=CAT  \\$aW2001-2376$c20200626$lBLL01$h1829
=FIN  \\$aY$d20131128
=LKR  \\$aPAR$lBLL01$r776$b002273940$mВійна і польська полїтична думка /$nВійна і польська полїтична думка /
=DGM  \\$a002273940$bCatBridge variable field
=DRT  \\$aWW1
=SRC  \\$aWW1$bEuropeana_Collections_1914-1918_20131016_1
=OHC  \\$a1
=LAS  \\$aW2001-2376$b00$c20200626$lBLL01$h1829

