=LDR  01819 am a22004813  4500
=001  016553031
=003  Uk
=005  20200626182917.0
=007  cr\mn\024mpada
=008  900814s1917\\\\au\\\\\|s\\\\\|||\||ukr\\
=FMT  \\$a  BK
=019  x\$a3321170019
=040  \\$aUk$cUk
=110  2\$aSoi︠u︡z vyzvolenni︠a︡ Ukraïny (UKRAINE)
=245  10$aЧужинцї про українську справу :$bАнкета Союза, etc.
=246  1\$aChuz︠h︡ynt︠s︡i pro ukraïnsʹku spravu
=264  \1$aВідень,$c1917.
=300  \\$a18 pages ;$c(8º)
=336  \\$atext$2rdacontent
=337  \\$acomputer$2rdamedia
=338  \\$aonline$2rdacarrier
=650  \0$aUkrainian question
=650  \0$aUkrainians$xNational identity.
=650  \0$aWorld War, 1914-1918$zUkraine.
=651  \0$aUkraine$xHistory.
=655  \4$aBook
=859  \\$aXLD$bWW1
=852  4\$cDRT$jDigital Store 8095.ff.90.$aBritish Library$bHMNTS
=985  \\$aCorrected by MS generated file for WR# 12.037
=985  \\$aCorrected by MS generated file for WR# 1805-0738
=CAT  \\$aBATCH-DCW$b00$c20131128$lBLL01$h0009
=CAT  \\$aWR14.046$c20140417$lBLL01$h1725
=CAT  \\$aWR13.144/5$c20140418$lBLL01$h1049
=CAT  \\$a1805-0738$c20181228$lBLL01$h1834
=CAT  \\$a1805-0738$b00$c20181228$lBLL01$h1918
=CAT  \\$aW2001-2376$c20200626$lBLL01$h1829
=FIN  \\$aY$d20131128
=LKR  \\$aPAR$lBLL01$r776$b003703552$mЧужинцї про українську справу : Анкета Союза, etc.$nЧужинцї про українську справу : Анкета Союза, etc.
=DGM  \\$a003703552$bCatBridge variable field
=DRT  \\$aWW1
=SRC  \\$aWW1$bEuropeana_Collections_1914-1918_20131016_1
=OHC  \\$a1
=LAS  \\$aW2001-2376$b00$c20200626$lBLL01$h1829

