=LDR  01977 am a22005053  4500
=001  016553032
=003  Uk
=005  20200626182917.0
=007  cr\mn\024mpada
=008  900814|1917||||au\\\\\|s\\\\\|||\||ukr\\
=FMT  \\$a  BK
=019  x\$a3321170027
=040  \\$aUk$cUk
=100  1\$aTrotsky, Leon,$d1879-1940.
=245  10$aЯк прийшло в Росії до революції /$c[By N. Trotsky.]
=246  1\$aI︠A︡k pryĭshlo v Rosiï do revoliut︠s︡iï
=264  \1$aВідень :$bНакладом Союза Визволення Украіни,$c1917.
=300  \\$a35 pages ;$c(8º)
=336  \\$atext$2rdacontent
=337  \\$acomputer$2rdamedia
=338  \\$aonline$2rdacarrier
=500  \\$aOn t. p.: "Z drukarni Adolʹfa Holʹt︠s︡havzena u Vidni"
=650  \0$aWorld War, 1914-1918$xCauses
=651  \0$aRussia$xHistory, Revolution 1917.
=651  \0$aUkraine$xHistory, Revolution 1917-1921.
=655  \4$aBook
=710  2\$aSoi︠u︡z vyzvolenni︠a︡ Ukraïny.
=859  \\$aXLD$bWW1
=852  4\$cDRT$jDigital Store 8095.ff.88.$aBritish Library$bHMNTS
=985  \\$aCorrected by MS generated file for WR# 12.037
=985  \\$aCorrected by MS generated file for WR# 1805-0738
=CAT  \\$aBATCH-DCW$b00$c20131128$lBLL01$h0009
=CAT  \\$aWR14.046$c20140417$lBLL01$h1725
=CAT  \\$aWR13.144/5$c20140418$lBLL01$h1049
=CAT  \\$aBATCH-UPD$b00$c20150520$lBLL01$h1025
=CAT  \\$a1805-0738$c20181228$lBLL01$h1834
=CAT  \\$a1805-0738$b00$c20181228$lBLL01$h1918
=CAT  \\$aW2001-2376$c20200626$lBLL01$h1829
=FIN  \\$aY$d20131128
=LKR  \\$aPAR$lBLL01$r776$b003703553$mЯк прийшло в Росії до революції /$nЯк прийшло в Росії до революції /
=DGM  \\$a003703553$bCatBridge variable field
=DRT  \\$aWW1
=SRC  \\$aWW1$bEuropeana_Collections_1914-1918_20131016_1
=OHC  \\$a1
=LAS  \\$aW2001-2376$b00$c20200626$lBLL01$h1829

