=LDR  01621 am a22004693  4500
=001  016553033
=003  Uk
=005  20200626182917.0
=007  cr\mn\024mpada
=008  900806s1915\\\\un\\\\\\s\\\\\000\0\ukr\\
=FMT  \\$a  BK
=019  x\$a3371770087
=040  \\$aUk$cUk
=100  1\$aVASILENKO, L.
=245  10$aСвітова війна /$cЛ. Василенко.
=246  1\$aSvitova viĭna
=264  \1$a[Kyïv] :$bНакладом видавництва 'Полїтична Бібліотека',$c1915.
=300  \\$a21 pages ;$c(8º)
=336  \\$atext$2rdacontent
=337  \\$acomputer$2rdamedia
=338  \\$aonline$2rdacarrier
=650  \0$aUkrainian question
=650  \0$aUkrainians
=650  \0$aWorld War, 1914-1918$xCauses.
=655  \4$aBook
=859  \\$aXLD$bWW1
=852  4\$cDRT$jDigital Store 08028.aa.3.$aBritish Library$bHMNTS
=985  \\$aCorrected by MS generated file for WR# 12.037
=985  \\$aCorrected by MS generated file for WR# 1805-0738
=CAT  \\$aBATCH-DCW$b00$c20131128$lBLL01$h0009
=CAT  \\$aWR14.046$c20140417$lBLL01$h1725
=CAT  \\$aWR13.144/5$c20140418$lBLL01$h1049
=CAT  \\$a1805-0738$c20181228$lBLL01$h1834
=CAT  \\$a1805-0738$b00$c20181228$lBLL01$h1918
=CAT  \\$aW2001-2376$c20200626$lBLL01$h1829
=FIN  \\$aY$d20131128
=LKR  \\$aPAR$lBLL01$r776$b003760984$mСвітова війна /$nСвітова війна /
=DGM  \\$a003760984$bCatBridge variable field
=DRT  \\$aWW1
=SRC  \\$aWW1$bEuropeana_Collections_1914-1918_20131016_1
=OHC  \\$a1
=LAS  \\$aW2001-2376$b00$c20200626$lBLL01$h1829

