=LDR  01535 am a2200421 a 4500
=001  016553034
=003  Uk
=005  20131128001848.0
=007  cr\mn\024mpada
=008  880726s1920\\\\enkb\\\\s\\\\\000\0\eng\\
=FMT  \\$a  BK
=019  x\$a0964410206
=040  \\$aUk$cUk$dUk
=100  1\$aFox, Frank,$d1874-1960.
=245  10$aG.H.Q. (Montreuil-sur-Mer) /$cby "G.S.O." [i.e. Frank Fox.]
=260  \\$aLondon :$bPhilip Allan & Co.,$c1920.
=300  \\$a[16], 306 p. :$bfront, plates (1 col.), ports., fold. map ;$c23 cm.
=336  \\$atext$2rdacontent
=337  \\$acomputer$2rdamedia
=338  \\$aonline$2rdacarrier
=610  10$aGreat Britain.$bArmy$xHistory$yWorld War, 1914-1918.
=650  \0$aWorld War, 1914-1918$xCampaigns$zWestern Front
=650  \0$aWorld War, 1914-1918$zGreat Britain.
=655  \4$aOfficial document
=859  \\$aXLD$bWW1
=852  4\$aBritish Library$bHMNTS$cDRT$jDigital Store 9082.bbb.43.
=985  \\$aCorrected by BSS-generated file for WR# 08/145
=985  \\$aCorrected by BSS-generated file for WR# 11/211
=CAT  \\$aBATCH-DCW$b00$c20131128$lBLL01$h0018
=CAT  \\$aWR14.046$c20140417$lBLL01$h1725
=CAT  \\$aWR13.144/5$c20140418$lBLL01$h1049
=FIN  \\$aY$d20131128
=LKR  \\$aPAR$lBLL01$r776$b001094730$mG.H.Q. (Montreuil-sur-Mer) /$nG.H.Q. (Montreuil-sur-Mer) /
=DGM  \\$a001094730$bCatBridge variable field
=DRT  \\$aWW1
=SRC  \\$aWW1$bEuropeana_Collections_1914-1918_20131017_1
=OHC  \\$a2
=LAS  \\$aWR13.144/5$b00$c20140418$lBLL01$h1049

