=LDR  01854 as a2200505 a 4500
=001  016553035
=003  Uk
=005  20131128001849.0
=007  cr\mn\024mpada
=007  ta
=008  880629d19171920enkmr\p\s\\\\o00\\a0eng\\
=FMT  \\$a  SE
=019  c\$a2267590
=019  x\$a0990780198
=040  \\$aUk$cUk$dUk
=245  04$aThe war pensions gazette.
=260  \\$aLondon :$bH.M.S.O.,$c1917-1920.
=300  \\$av. ;$c30 cm.
=336  \\$atext$2rdacontent
=337  \\$acomputer$2rdamedia
=338  \\$aonline$2rdacarrier
=500  \\$aFrom no. 3, July 1917, onwards issued under the authority of the Ministry of Pensions.
=540  \\$aCurrent copyright fee: GBP12.00$c0$5Uk
=650  \0$aDisabled veterans$xPensions$zGreat Britain$vPeriodicals.
=650  \0$aMilitary pensions$zGreat Britain$vPeriodicals.
=650  \0$aWorld War, 1914-1918$xVeterans$zGreat Britain$vPeriodicals.
=655  \4$aOfficial document
=710  1\$aGreat Britain.$bWar Pensions Statutory Committee.
=859  \\$aXLD$bWW1
=852  4\$aBritish Library$bHMNTS$cDRT$jDigital Store BS.30/9$3No. 33 (January 1920)-no. 39 (July 1920)
=945  \\$aWAR PENSIONS GAZETTE.
=963  \\$aNO. 1, 1917- 39, 1920 *A=1$bN$cWRB.408
=979  \\$aBritish Library$bDSC$j9261.814100N
=985  \\$aCorrected by MS generated file for WR# 12.037
=CAT  \\$aBATCH-DCW$b00$c20131128$lBLL01$h0018
=CAT  \\$aWR14.046$c20140417$lBLL01$h1725
=CAT  \\$aWR13.144/5$c20140418$lBLL01$h1049
=CAT  \\$aBATCH-UPD$b00$c20150520$lBLL01$h1025
=FIN  \\$aY$d20131128
=LKR  \\$aPAR$lBLL01$r776$b001121966$mThe war pensions gazette.$nThe war pensions gazette.
=DGM  \\$a001121966$bCatBridge variable field
=DRT  \\$aWW1
=SRC  \\$aWW1$bEuropeana_Collections_1914-1918_20131017_1
=OHC  \\$a2
=LAS  \\$aBATCH-UPD$b00$c20150520$lBLL01$h1025

