=LDR  01781 am a22004933  4500
=001  016553036
=003  Uk
=005  20201127183350.0
=007  cr\mn\024mpada
=008  880629|1913||||enk\\\\|s\\\\\|||\||eng\\
=FMT  \\$a  BK
=019  x\$a0991700171
=040  \\$aUk$cUk
=110  2\$aChurch of England.$bPeace League.
=245  10$aLeaflet no. 1(-15).
=264  \1$aLondon,$c[1913-19]
=300  \\$c(8º)
=336  \\$atext$2rdacontent
=337  \\$acomputer$2rdamedia
=338  \\$aonline$2rdacarrier
=859  \\$aXLD$bWW1
=883  0\$aLanguage codes assigned by Bayesian analysis of words present in record$d20201028$qUk$c0.9010
=852  4\$aBritish Library$bHMNTS$cDRT$jDigital Store 08425.h.37.(2.)
=985  \\$aCorrected by MS generated file for WR# 11/211
=985  \\$aCorrected by MS generated file for WR# 1805-0738
=985  \\$aEnhanced by MS generated file for WR# 12/139
=985  \\$aUpgraded by BSS-generated file for WR2011-1472
=CAT  \\$aBATCH-DCW$b00$c20131128$lBLL01$h0018
=CAT  \\$aWR14.046$c20140417$lBLL01$h1725
=CAT  \\$aWR13.144/5$c20140418$lBLL01$h1049
=CAT  \\$aBATCH-UPD$b00$c20150520$lBLL01$h1028
=CAT  \\$aBATCH-RIGH$c20170607$lBLL01$h1816
=CAT  \\$aR1706-1834$c20170629$lBLL01$h1227
=CAT  \\$a1805-0738$c20181228$lBLL01$h1834
=CAT  \\$a1805-0738$b00$c20181228$lBLL01$h1918
=CAT  \\$aW2001-2376$c20200626$lBLL01$h1829
=CAT  \\$aW2011-1472$b00$c20201127$lBLL01$h1833
=FIN  \\$aY$d20131128
=LKR  \\$aPAR$lBLL01$r776$b001124135$mLeaflet no. 1(-15).$nLeaflet no. 1(-15).
=DGM  \\$a001124135$bCatBridge variable field
=DRT  \\$aWW1
=SRC  \\$aWW1$bEuropeana_Collections_1914-1918_20131017_1
=OHC  \\$a2
=LAS  \\$aW2011-1472$b00$c20201127$lBLL01$h1833

