=LDR  02211 am a2200541 i 4500
=001  016553037
=003  Uk
=005  20131128001849.0
=007  cr\mn\024mpada
=008  130319s1916\\\\enka\\\\s\\\\|000\0|eng\\
=FMT  \\$a  BK
=019  u\$aG10950069
=019  u\$aG11023369
=019  x\$a2982360063
=040  \\$aUk$beng$cUk$erda
=042  \\$aukblsr
=082  04$a940.405$223
=100  1\$aReiss, R. A.$q(Rodolphe Archibald),$d1875-1929,$eauthor.
=245  10$aReport upon the atrocities committed by the Austro-Hungarian army during the first invasion of Serbia /$csubmitted to the Serbian government by R.A. Reiss ; English translation by F.S. Copeland.
=246  14$aAustro-Hungarian atrocities report
=264  \1$aLondon :$bSimpkin, Marshall, Hamilton, Kent & Co., Ltd.,$c1916.
=300  \\$axii, 192 pages, 32 unnumbered pages of plates :$billustrations (black and white) ;$c23 cm
=336  \\$atext$2rdacontent
=337  \\$acomputer$2rdamedia
=337  \\$aunmediated$2rdamedia
=338  \\$aonline$2rdacarrier
=338  \\$avolume$2rdacarrier
=500  \\$aAt head of title page: The Kingdom of Serbia.
=650  \0$aWorld War, 1914-1918$xAtrocities.
=650  \0$aWorld War, 1914-1918$zSerbia
=650  \0$aWorld War, 1914-1918$zSerbia.
=655  \4$aBook
=710  1\$aSerbia.
=859  \\$aXLD$bWW1
=852  4\$aBritish Library$bHMNTS$cDRT$jDigital Store 9082.ee.22.
=CAT  \\$aBATCH-DCW$b00$c20131128$lBLL01$h0018
=CAT  \\$aBATCH-DCW$b00$c20140119$lBLL01$h2311
=CAT  \\$aBATCH-DCW$b00$c20140119$lBLL01$h2318
=CAT  \\$aWR14.046$c20140417$lBLL01$h1725
=CAT  \\$aWR13.144/5$c20140418$lBLL01$h1049
=FIN  \\$aY$d20131128
=LKR  \\$aPAR$lBLL01$r776$b016303034$mReport upon the atrocities committed by the Austro-Hungarian army during the first invasion of Serbia /$nReport upon the atrocities committed by the Austro-Hungarian army during the first invasion of Serbia /
=DGM  \\$a016303034$bCatBridge variable field
=DRT  \\$aWW1
=SRC  \\$aWW1$bEuropeana_Collections_1914-1918_20131017_1
=SRC  \\$aWW1$bEuropeana_Collections_1914-1918_repair_20140119
=OHC  \\$a3
=LAS  \\$aWR13.144/5$b00$c20140418$lBLL01$h1049

