=LDR  02067 am a22005053  4500
=001  016553038
=003  Uk
=005  20200626182917.0
=007  cr\mn\024mpada
=008  880209|1920||||xxc\\\\|s\\\\o|||\||eng\\
=FMT  \\$a  BK
=019  x\$a0523440073
=040  \\$aUk$cUk
=110  1\$aCanada.$bDepartment of Militia and Defence.
=245  10$aCanadian Corps Operations during the year 1918. Interim report by ... Sir A. W. Currie. [With maps.]
=264  \1$aOttawa,$c[1920]
=300  \\$a94 pages ;$c(8º)
=336  \\$atext$2rdacontent
=337  \\$acomputer$2rdamedia
=338  \\$aonline$2rdacarrier
=650  \0$aRegimental histories
=655  \4$aOfficial document
=700  1\$aCURRIE, Arthur William,$cSir,$cG.C.M.G.
=859  \\$aXLD$bWW1
=886  2\$2blmarc$a709$b00$aCURRIE$eSir$hArthur William$fG.C.M.G.$pC.S.E.36/5.$x0743180194
=852  4\$cDRT$jDigital Store C.S.E.36/5.$aBritish Library$bHMNTS
=985  \\$aCorrected by BSS-generated file for WR# 11/211
=985  \\$aCorrected by MS generated file for WR# 12.037
=985  \\$aEnhanced by MS generated file for WR# 12/139
=985  \\$aEnhanced by MS generated file for WR# 13/021
=985  \\$aEnhanced by MS generated file for WR# 13/054
=985  \\$aCorrected by MS generated file for WR# 1805-0738
=CAT  \\$aBATCH-DCW$b00$c20131128$lBLL01$h0018
=CAT  \\$aWR14.046$c20140417$lBLL01$h1725
=CAT  \\$aWR13.144/5$c20140418$lBLL01$h1049
=CAT  \\$a1805-0738$c20181228$lBLL01$h1834
=CAT  \\$a1805-0738$b00$c20181228$lBLL01$h1918
=CAT  \\$aW2001-2376$c20200626$lBLL01$h1829
=FIN  \\$aY$d20131128
=LKR  \\$aPAR$lBLL01$r776$b000590017$mCanadian Corps Operations during the year 1918. Interim report by ... Sir A. W. Currie. [With maps.]$nCanadian Corps Operations during the year 1918. Interim report by ... Sir A. W. Currie. [With maps.]
=DGM  \\$a000590017$bCatBridge variable field
=DRT  \\$aWW1
=SRC  \\$aWW1$bEuropeana_Collections_1914-1918_20131017_1
=OHC  \\$a1
=LAS  \\$aW2001-2376$b00$c20200626$lBLL01$h1829

