=LDR  01798 am a22004933  4500
=001  016553039
=003  Uk
=005  20200626182917.0
=007  cr\mn\024mpada
=008  880516|1915||||enk\\\\|s\\\\\|||\||eng\\
=FMT  \\$a  BK
=019  x\$a0823270114
=040  \\$aUk$cUk
=100  1\$aDicey, Albert Venn,$d1835-1922.
=245  10$aHow we ought to feel about the War.
=264  \1$aLondon :$bOxford University Press,$c[1915]
=300  \\$a19 pages ;$c(8º)
=336  \\$atext$2rdacontent
=337  \\$acomputer$2rdamedia
=338  \\$aonline$2rdacarrier
=490  0\$a[Oxford Pamphlets, 1914-1915. no. 55.]
=650  \0$aWorld War, 1914-1918$xPropaganda.
=655  \4$aPamphlet
=859  \\$aXLD$bWW1
=852  4\$cDRT$jDigital Store 08028.de.93/55.$aBritish Library$bHMNTS
=985  \\$aCorrected by BSS-generated file for WR# 11/160
=985  \\$aCorrected by MS generated file for WR# 12.037
=985  \\$aEnhanced by MS generated file for WR# 12/139
=985  \\$aEnhanced by MS generated file for WR# 13/021
=985  \\$aEnhanced by MS generated file for WR# 13/054
=985  \\$aCorrected by MS generated file for WR# 1805-0738
=CAT  \\$aBATCH-DCW$b00$c20131128$lBLL01$h0018
=CAT  \\$aWR14.046$c20140417$lBLL01$h1725
=CAT  \\$aWR13.144/5$c20140418$lBLL01$h1049
=CAT  \\$a1805-0738$c20181228$lBLL01$h1834
=CAT  \\$a1805-0738$b00$c20181228$lBLL01$h1918
=CAT  \\$aW2001-2376$c20200626$lBLL01$h1829
=FIN  \\$aY$d20131128
=LKR  \\$aPAR$lBLL01$r776$b000929977$mHow we ought to feel about the War.$nHow we ought to feel about the War.
=DGM  \\$a000929977$bCatBridge variable field
=DRT  \\$aWW1
=SRC  \\$aWW1$bEuropeana_Collections_1914-1918_20131017_1
=OHC  \\$a1
=LAS  \\$aW2001-2376$b00$c20200626$lBLL01$h1829

