=LDR  02096cam a22005053  4500
=001  016553040
=003  Uk
=005  20200626182917.0
=007  cr\mn\024mpada
=008  880526|1914||||enk\\\\|s\\\\\|||\||eng\\
=FMT  \\$a  BK
=019  x\$a0832590312
=040  \\$aUk$cUk
=100  1\$aDillon, Emile Joseph,$d1855-1933.
=245  12$aA Scrap of Paper. The inner history of German diplomacy and her scheme of world-wide conquest ... Second edition. [With a portrait.]
=264  \1$aLondon :$bHodder & Stoughton,$c1914.
=300  \\$axxvii, 220 pages ;$c(8º)
=336  \\$atext$2rdacontent
=337  \\$acomputer$2rdamedia
=338  \\$aonline$2rdacarrier
=490  0\$a[The Daily Telegraph War Books.]
=650  \0$aWorld War, 1914-1918.
=655  \4$aBook
=859  \\$aXLD$bWW1
=852  4\$cDRT$jDigital Store 9085.de.1/8.$aBritish Library$bHMNTS
=985  \\$aCorrected by BSS-generated file
=985  \\$aCorrected by BSS-generated file for WR# 11/048
=985  \\$aEnhanced by MS generated file for WR# 12/139
=985  \\$aEnhanced by MS generated file for WR# 13/021
=985  \\$aEnhanced by MS generated file for WR# 13/054
=985  \\$aCorrected by MS generated file for WR# 1805-0738
=CAT  \\$aBATCH-DCW$b00$c20131128$lBLL01$h0019
=CAT  \\$aWR14.046$c20140417$lBLL01$h1725
=CAT  \\$aWR13.144/5$c20140418$lBLL01$h1049
=CAT  \\$a1805-0738$c20181228$lBLL01$h1834
=CAT  \\$a1805-0738$b00$c20181228$lBLL01$h1918
=CAT  \\$aW2001-2376$c20200626$lBLL01$h1829
=CAT  \\$a4039$b40$c20220127$lBLL01$h1115
=FIN  \\$aY$d20131128
=LKR  \\$aPAR$lBLL01$r776$b000940051$mA Scrap of Paper. The inner history of German diplomacy and her scheme of world-wide conquest ... Second edition. [With a portrait.]$nA Scrap of Paper. The inner history of German diplomacy and her scheme of world-wide conquest ... Second edition. [With a portrait.]
=DGM  \\$a000940051$bCatBridge variable field
=DRT  \\$aWW1
=SRC  \\$aWW1$bEuropeana_Collections_1914-1918_20131017_1
=OHC  \\$a1
=LAS  \\$a4039$b40$c20220127$lBLL01$h1115

