=LDR  01483 am a22004213  4500
=001  016553041
=003  Uk
=005  20131128001900.0
=007  cr\mn\024mpada
=008  880603|1914|||||||\\\\|s\\\\\|||\||eng\\
=FMT  \\$a  BK
=019  x\$a0923030204
=040  \\$aUk$cUk
=100  1\$aEGERTON, Hugh Edward.
=245  10$aIs the British Empire the Result of Wholesale Robbery?.
=260  \\$c1914.
=300  \\$a28 p.
=336  \\$atext$2rdacontent
=337  \\$acomputer$2rdamedia
=338  \\$aonline$2rdacarrier
=580  \\$aIn : Oxford Pamphlets. Oxford Pamphlets, 1914. 1914, etc. 8º.
=650  \0$aWorld War, 1914-1918$xPropaganda.
=655  \4$aPamphlet
=859  \\$aXLD$bWW1
=852  4\$cDRT$jDigital Store 08028.de.93/23.$aBritish Library$bHMNTS
=985  \\$aCorrected by BSS-generated file for WR# 11/211
=985  \\$aEnhanced by MS generated file for WR# 13/021
=985  \\$aEnhanced by MS generated file for WR# 13/054
=CAT  \\$aBATCH-DCW$b00$c20131128$lBLL01$h0019
=CAT  \\$aWR14.046$c20140417$lBLL01$h1725
=CAT  \\$aWR13.144/5$c20140418$lBLL01$h1049
=FIN  \\$aY$d20131128
=LKR  \\$aPAR$lBLL01$r776$b001044893$mIs the British Empire the Result of Wholesale Robbery?.$nIs the British Empire the Result of Wholesale Robbery?.
=DGM  \\$a001044893$bCatBridge variable field
=DRT  \\$aWW1
=SRC  \\$aWW1$bEuropeana_Collections_1914-1918_20131017_1
=OHC  \\$a1
=LAS  \\$aWR13.144/5$b00$c20140418$lBLL01$h1049

