=LDR  01579 am a22004573  4500
=001  016553042
=003  Uk
=005  20131128001900.0
=007  cr\mn\024mpada
=008  880726|1923||||enk\\\\|s\\\\o|||\||eng\\
=FMT  \\$a  BK
=019  x\$a0963940023
=040  \\$aUk$cUk
=110  1\$aGreat Britain.$bAir Ministry.
=240  10$aMiscellaneous Publications
=245  10$aParticulars of armament used in aircraft.
=260  \\$a[London],$c1923.
=300  \\$bill. ;$c22 cm.
=336  \\$atext$2rdacontent
=337  \\$acomputer$2rdamedia
=338  \\$aonline$2rdacarrier
=490  0\$a(Air publication. no. 908.)
=500  \\$aA collection of leaflets.
=650  \0$aWorld War, 1914-1918$xTechnology
=655  \4$aOfficial document
=859  \\$aXLD$bWW1
=852  4\$cDRT$jDigital Store B.S.2m.$aBritish Library$bHMNTS
=985  \\$aCorrected by MS generated file for WR# 12.037
=985  \\$aEnhanced by MS generated file for WR# 12/139
=985  \\$aEnhanced by MS generated file for WR# 13/021
=985  \\$aEnhanced by MS generated file for WR# 13/054
=CAT  \\$aBATCH-DCW$b00$c20131128$lBLL01$h0019
=CAT  \\$aWR14.046$c20140417$lBLL01$h1725
=CAT  \\$aWR13.144/5$c20140418$lBLL01$h1049
=FIN  \\$aY$d20131128
=LKR  \\$aPAR$lBLL01$r776$b001093177$mParticulars of armament used in aircraft.$nParticulars of armament used in aircraft.
=DGM  \\$a001093177$bCatBridge variable field
=DRT  \\$aWW1
=SRC  \\$aWW1$bEuropeana_Collections_1914-1918_20131017_1
=OHC  \\$a1
=LAS  \\$aWR13.144/5$b00$c20140418$lBLL01$h1049

