=LDR  01926 am a22004933  4500
=001  016553043
=003  Uk
=005  20200626182917.0
=007  cr\mn\024mpada
=008  880726|1917|||||||\\\\|s\\\\o|||\||eng\\
=FMT  \\$a  BK
=019  x\$a0964420236
=040  \\$aUk$cUk
=110  1\$aGreat Britain.$bArmy.$bDivision, 18th.
=245  10$a18th Division in the Battle of the Ancre, 1916. [By Lt. Gen. Ivor Maxse. With maps.]
=264  \1$c[1917]
=300  \\$a33 pages ;$c(folio)
=336  \\$atext$2rdacontent
=337  \\$acomputer$2rdamedia
=338  \\$aonline$2rdacarrier
=650  \0$aRegimental histories
=655  \4$aBook
=700  1\$aMAXSE, Frederick Ivor,$cSir,$cK.C.B.
=859  \\$aXLD$bWW1
=886  2\$2blmarc$a709$b00$aMAXSE$eSir$hFrederick Ivor$fK.C.B.$p9081.h.22.$x2160970174
=852  4\$cDRT$jDigital Store 9081.h.22.$aBritish Library$bHMNTS
=985  \\$aCorrected by BSS-generated file for WR# 08/145
=985  \\$aCorrected by BSS-generated file for WR# 11/211
=985  \\$aEnhanced by MS generated file for WR# 13/021
=985  \\$aEnhanced by MS generated file for WR# 13/054
=985  \\$aCorrected by MS generated file for WR# 1805-0738
=CAT  \\$aBATCH-DCW$b00$c20131128$lBLL01$h0019
=CAT  \\$aWR14.046$c20140417$lBLL01$h1725
=CAT  \\$aWR13.144/5$c20140418$lBLL01$h1049
=CAT  \\$a1805-0738$c20181228$lBLL01$h1834
=CAT  \\$a1805-0738$b00$c20181228$lBLL01$h1918
=CAT  \\$aW2001-2376$c20200626$lBLL01$h1829
=FIN  \\$aY$d20131128
=LKR  \\$aPAR$lBLL01$r776$b001094757$m18th Division in the Battle of the Ancre, 1916. [By Lt. Gen. Ivor Maxse. With maps.]$n18th Division in the Battle of the Ancre, 1916. [By Lt. Gen. Ivor Maxse. With maps.]
=DGM  \\$a001094757$bCatBridge variable field
=DRT  \\$aWW1
=SRC  \\$aWW1$bEuropeana_Collections_1914-1918_20131017_1
=OHC  \\$a1
=LAS  \\$aW2001-2376$b00$c20200626$lBLL01$h1829

