=LDR  01815 am a22004693  4500
=001  016553044
=003  Uk
=005  20200626182917.0
=007  cr\mn\024mpada
=008  880726|1919||||enk\\\\|s\\\\o|||\||eng\\
=FMT  \\$a  BK
=019  x\$a0964440105
=040  \\$aUk$cUk
=110  1\$aGreat Britain.$bArmy.$bDivision, 55th (West Lancashire)
=245  14$aThe Story of the 55th, West Lancashire Division. By the Rev. J. O. Coop. [With maps.]
=264  \1$a'Daily Post' :$bLiverpool,$c1919.
=300  \\$a184 pages ;$c(8º)
=336  \\$atext$2rdacontent
=337  \\$acomputer$2rdamedia
=338  \\$aonline$2rdacarrier
=650  \0$aRegimental histories
=655  \4$aBook
=700  1\$aCOOP, James Ogden.
=859  \\$aXLD$bWW1
=886  2\$2blmarc$a709$b00$aCOOP$hJames Ogden$p9083.bb.15.$x0691100071
=852  4\$cDRT$jDigital Store 9083.bb.15.$aBritish Library$bHMNTS
=985  \\$aCorrected by BSS-generated file for WR# 08/145
=985  \\$aEnhanced by MS generated file for WR# 12/139
=985  \\$aCorrected by MS generated file for WR# 1805-0738
=CAT  \\$aBATCH-DCW$b00$c20131128$lBLL01$h0019
=CAT  \\$aWR14.046$c20140417$lBLL01$h1725
=CAT  \\$aWR13.144/5$c20140418$lBLL01$h1049
=CAT  \\$a1805-0738$c20181228$lBLL01$h1834
=CAT  \\$a1805-0738$b00$c20181228$lBLL01$h1918
=CAT  \\$aW2001-2376$c20200626$lBLL01$h1829
=FIN  \\$aY$d20131128
=LKR  \\$aPAR$lBLL01$r776$b001094794$mThe Story of the 55th, West Lancashire Division. By the Rev. J. O. Coop. [With maps.]$nThe Story of the 55th, West Lancashire Division. By the Rev. J. O. Coop. [With maps.]
=DGM  \\$a001094794$bCatBridge variable field
=DRT  \\$aWW1
=SRC  \\$aWW1$bEuropeana_Collections_1914-1918_20131017_1
=OHC  \\$a1
=LAS  \\$aW2001-2376$b00$c20200626$lBLL01$h1829

