=LDR  01921 as a22005053  4500
=001  016553047
=003  Uk
=005  20131128001900.0
=007  cr\mn\024mpada
=008  950104|1909||||enk\\\\|s\\\\o|||\||eng\\
=FMT  \\$a  SE
=019  x\$a0990640140
=040  \\$aUk$cUk
=110  1\$aGreat Britain.$bWar Office.
=245  10$aChronology of Events connected with Army Administration. 1908 [etc.].
=264  \1$a[London],$c[1909]-.
=300  \\$c(8º)
=336  \\$atext$2rdacontent
=337  \\$acomputer$2rdamedia
=338  \\$aonline$2rdacarrier
=340  \\$m8vo$2rdabf
=650  \0$aWorld War, 1914-1918$zGreat Britain
=655  \4$aOfficial document
=787  0\$tIndex ... 1908-1924.$w(Uk)MP1.0001178534.1$dpp. 44. [London, 1925.] 8º.
=859  \\$aXLD$bWW1
=852  4\$cDRT$jDigital Store W.P.8049.$aBritish Library$bHMNTS
=985  \\$aCorrected by BSS-generated file for WR# 11/216
=985  \\$aCorrected by MS generated file for WR# 12.037
=985  \\$aDisaggregated record: Type B
=985  \\$aEnhanced by MS generated file for WR# 12/139
=985  \\$aEnhanced by MS generated file for WR# 13/021
=985  \\$aEnhanced by MS generated file for WR# 13/054
=985  \\$aCorrected by MS generated file for WR# 1805-0738
=CAT  \\$aBATCH-DCW$b00$c20131128$lBLL01$h0019
=CAT  \\$aWR14.046$c20140417$lBLL01$h1725
=CAT  \\$aWR13.144/5$c20140418$lBLL01$h1049
=CAT  \\$a1805-0738$c20181228$lBLL01$h1834
=CAT  \\$a1805-0738$b00$c20181228$lBLL01$h1918
=FIN  \\$aY$d20131128
=LKR  \\$aPAR$lBLL01$r776$b001121538$mChronology of Events connected with Army Administration. 1908 [etc.].$nChronology of Events connected with Army Administration. 1908 [etc.].
=DGM  \\$a001121538$bCatBridge variable field
=DRT  \\$aWW1
=SRC  \\$aWW1$bEuropeana_Collections_1914-1918_20131017_1
=OHC  \\$a1
=LAS  \\$a1805-0738$b00$c20181228$lBLL01$h1918

