=LDR  01788 am a22004453  4500
=001  016553050
=003  Uk
=005  20131128001900.0
=007  cr\mn\024mpada
=008  880629|1917||||enk\\\\|s\\\\o|||\||eng\\
=FMT  \\$a  BK
=019  x\$a0990640256
=040  \\$aUk$cUk
=110  1\$aGreat Britain.$bWar Office.
=245  14$aThe treatment and training of disabled and discharged soldiers in France. Report ... by ... Sir Henry Norman.
=260  \\$aLondon,$c1917.
=300  \\$a36 p. ;$c33 cm.
=336  \\$atext$2rdacontent
=337  \\$acomputer$2rdamedia
=338  \\$aonline$2rdacarrier
=500  \\$aIssued by the War Office.
=650  \0$aWorld War, 1914-1918$xHealth aspects
=655  \4$aOfficial document
=700  1\$aNORMAN, Henry,$cRight Hon. Sir,$cBart.
=859  \\$aXLD$bWW1
=886  2\$2blmarc$a709$b00$aNORMAN$eRight Hon. Sir$hHenry$fBart.$pB.S.45/5.$x238166033X
=852  4\$cDRT$jDigital Store B.S.45/5.$aBritish Library$bHMNTS
=985  \\$aCorrected by BSS-generated file for WR# 10/172
=985  \\$aCorrected by MS generated file for WR# 12.037
=985  \\$aEnhanced by MS generated file for WR# 12/139
=CAT  \\$aBATCH-DCW$b00$c20131128$lBLL01$h0019
=CAT  \\$aWR14.046$c20140417$lBLL01$h1725
=CAT  \\$aWR13.144/5$c20140418$lBLL01$h1049
=FIN  \\$aY$d20131128
=LKR  \\$aPAR$lBLL01$r776$b001121548$mThe treatment and training of disabled and discharged soldiers in France. Report ... by ... Sir Henry Norman.$nThe treatment and training of disabled and discharged soldiers in France. Report ... by ... Sir Henry Norman.
=DGM  \\$a001121548$bCatBridge variable field
=DRT  \\$aWW1
=SRC  \\$aWW1$bEuropeana_Collections_1914-1918_20131017_1
=OHC  \\$a1
=LAS  \\$aWR13.144/5$b00$c20140418$lBLL01$h1049

