=LDR  01692 am a22004693  4500
=001  016553051
=003  Uk
=005  20131128001900.0
=007  cr\mn\024mpada
=008  880725|1922||||enk\\\\|s\\\\\|||\||eng\\
=FMT  \\$a  BK
=019  x\$a1000780260
=040  \\$aUk$cUk
=110  20$aLeague of Nations Union.
=245  13$aAn insurance against war. Second edition.
=260  \\$aLondon :$bLeague of Nations Union,$c1922.
=300  \\$a39 p. ;$c19 cm.
=336  \\$atext$2rdacontent
=337  \\$acomputer$2rdamedia
=338  \\$aonline$2rdacarrier
=500  \\$aNo. 66 of an unnamed series.
=650  \0$aWorld War, 1914-1918$xDiplomatic history
=655  \4$aOfficial document
=859  \\$aXLD$bWW1
=852  4\$cDRT$jDigital Store X.519/10605.$aBritish Library$bHMNTS
=985  \\$aCorrected by BSS-generated file
=985  \\$aCorrected by BSS-generated file for WR# 10/172
=985  \\$aCorrected by MS generated file for WR# 12.037
=985  \\$aEnhanced by MS generated file for WR# 12/139
=985  \\$aEnhanced by MS generated file for WR# 13/021
=985  \\$aEnhanced by MS generated file for WR# 13/054
=CAT  \\$aBATCH-DCW$b00$c20131128$lBLL01$h0019
=CAT  \\$aWR14.046$c20140417$lBLL01$h1725
=CAT  \\$aWR13.144/5$c20140418$lBLL01$h1049
=CAT  \\$aBATCH-UPD$b00$c20150520$lBLL01$h1024
=FIN  \\$aY$d20131128
=LKR  \\$aPAR$lBLL01$r776$b001134356$mAn insurance against war. Second edition.$nAn insurance against war. Second edition.
=DGM  \\$a001134356$bCatBridge variable field
=DRT  \\$aWW1
=SRC  \\$aWW1$bEuropeana_Collections_1914-1918_20131017_1
=OHC  \\$a1
=LAS  \\$aBATCH-UPD$b00$c20150520$lBLL01$h1024

