=LDR  01622 am a22004333  4500
=001  016553052
=003  Uk
=005  20131128001900.0
=007  cr\mn\024mpada
=008  880815|1914|||||||\\\\|s\\\\\|||\||eng\\
=FMT  \\$a  BK
=019  x\$a1101570156
=040  \\$aUk$cUk
=100  1\$aFletcher, C. R. L.$q(Charles Robert Leslie),$d1857-1934.
=245  14$aThe Germans. I. Their Empire: how they have made it. (II. What they covet.).
=260  \\$c1914.
=300  \\$a2 pt.
=336  \\$atext$2rdacontent
=337  \\$acomputer$2rdamedia
=338  \\$aonline$2rdacarrier
=580  \\$aIn : Oxford Pamphlets. Oxford Pamphlets, 1914. 1914, etc. 8º.
=650  \0$aWorld War, 1914-1918$xPropaganda.
=655  \4$aPamphlet
=859  \\$aXLD$bWW1
=852  4\$cDRT$jDigital Store 08028.de.93/6+7.$aBritish Library$bHMNTS
=985  \\$aCorrected by BSS-generated file for WR# 11/211
=985  \\$aCorrected by MS generated file for WR# 12.037
=CAT  \\$aBATCH-DCW$b00$c20131128$lBLL01$h0019
=CAT  \\$aWR14.046$c20140417$lBLL01$h1725
=CAT  \\$aWR13.144/5$c20140418$lBLL01$h1049
=CAT  \\$aBATCH-RIGH$c20170607$lBLL01$h1816
=CAT  \\$aR1706-1834$c20170629$lBLL01$h1227
=FIN  \\$aY$d20131128
=LKR  \\$aPAR$lBLL01$r776$b001252480$mThe Germans. I. Their Empire: how they have made it. (II. What they covet.).$nThe Germans. I. Their Empire: how they have made it. (II. What they covet.).
=DGM  \\$a001252480$bCatBridge variable field
=DRT  \\$aWW1
=SRC  \\$aWW1$bEuropeana_Collections_1914-1918_20131017_1
=OHC  \\$a1
=LAS  \\$aR1706-1834$b00$c20170629$lBLL01$h1227

