=LDR  02116 am a22004813  4500
=001  016553053
=003  Uk
=005  20200626182917.0
=007  cr\mn\024mpada
=008  881115|1915||||enk\\\\|s\\\\||||\||eng\\
=FMT  \\$a  BK
=019  x\$a1224290135
=040  \\$aUk$cUk
=245  10$aOfficial Book of the German Atrocities told by victims and eye-witnesses. The complete verbatim report of the Belgian, French, and Russian Commissions of Enquiry.
=264  \1$aLondon :$bG. A. Pearson,$c1915.
=300  \\$a176 pages ;$c(8º)
=336  \\$atext$2rdacontent
=337  \\$acomputer$2rdamedia
=338  \\$aonline$2rdacarrier
=650  \0$aWorld War, 1914-1918$xAtrocities
=655  \4$aOfficial document
=720  \\$aGERMAN ATROCITIES$emain entry
=859  \\$aXLD$bWW1
=852  4\$cDRT$jDigital Store 9083.gg.23.$aBritish Library$bHMNTS
=985  \\$aCorrected by BSS-generated file for WR# 11/211
=985  \\$aCorrected by MS generated file for WR# 12.037
=985  \\$aEnhanced by MS generated file for WR# 12/139
=985  \\$aEnhanced by MS generated file for WR# 13/021
=985  \\$aEnhanced by MS generated file for WR# 13/054
=985  \\$aCorrected by MS generated file for WR# 1805-0738
=CAT  \\$aBATCH-DCW$b00$c20131128$lBLL01$h0019
=CAT  \\$aWR14.046$c20140417$lBLL01$h1725
=CAT  \\$aWR13.144/5$c20140418$lBLL01$h1049
=CAT  \\$a1805-0738$c20181228$lBLL01$h1834
=CAT  \\$a1805-0738$b00$c20181228$lBLL01$h1918
=CAT  \\$aW2001-2376$c20200626$lBLL01$h1829
=FIN  \\$aY$d20131128
=LKR  \\$aPAR$lBLL01$r776$b001397691$mOfficial Book of the German Atrocities told by victims and eye-witnesses. The complete verbatim report of the Belgian, French, and Russian Commissions of Enquiry.$nOfficial Book of the German Atrocities told by victims and eye-witnesses. The complete verbatim report of the Belgian, French, and Russian Commissions of Enquiry.
=DGM  \\$a001397691$bCatBridge variable field
=DRT  \\$aWW1
=SRC  \\$aWW1$bEuropeana_Collections_1914-1918_20131017_1
=OHC  \\$a1
=LAS  \\$aW2001-2376$b00$c20200626$lBLL01$h1829

