=LDR  01371 am a22004093  4500
=001  016553054
=003  Uk
=005  20131128001900.0
=007  cr\mn\024mpada
=008  881130|1914|||||||\\\\|s\\\\\|||\||eng\\
=FMT  \\$a  BK
=019  x\$a1474260233
=040  \\$aUk$cUk
=100  10$aHiggins, A. Pearce$q(Alexander Pearce),$d1865-1935.
=245  14$aThe Law of Nations and the War.
=260  \\$c1914.
=300  \\$a29 p.
=336  \\$atext$2rdacontent
=337  \\$acomputer$2rdamedia
=338  \\$aonline$2rdacarrier
=580  \\$aIn : Oxford Pamphlets. Oxford Pamphlets, 1914. 1914, etc. 8º.
=650  \0$aWorld War, 1914-1918$xPropaganda.
=655  \4$aPamphlet
=859  \\$aXLD$bWW1
=852  4\$cDRT$jDigital Store 08028.de.93/24.$aBritish Library$bHMNTS
=985  \\$aCorrected by BSS-generated file for WR# 11/211
=CAT  \\$aBATCH-DCW$b00$c20131128$lBLL01$h0019
=CAT  \\$aWR14.046$c20140417$lBLL01$h1725
=CAT  \\$aWR13.144/5$c20140418$lBLL01$h1049
=CAT  \\$aBATCH-UPD$b00$c20150520$lBLL01$h1028
=FIN  \\$aY$d20131128
=LKR  \\$aPAR$lBLL01$r776$b001679846$mThe Law of Nations and the War.$nThe Law of Nations and the War.
=DGM  \\$a001679846$bCatBridge variable field
=DRT  \\$aWW1
=SRC  \\$aWW1$bEuropeana_Collections_1914-1918_20131017_1
=OHC  \\$a1
=LAS  \\$aBATCH-UPD$b00$c20150520$lBLL01$h1028

