=LDR  01860 am a2200445 a 4500
=001  016553057
=003  Uk
=005  20131128001900.0
=007  cr\mn\024mpada
=008  850522s1916\\\\ru\\\\\\s\\\\\000\0\rus\\
=FMT  \\$a  BK
=019  x\$a1801490244
=040  \\$aDLC$cKKU$dKKU$dOCLCQ$dOCLCG$dHIN$dUk
=100  10$aKsi︠u︡nin, Al.$q(Aleksi︠e︡ĭ)
=245  10$6880-01$aNarod na voĭni︠e︡ :$b(iz zapisok voennago korrespondenta) /$cAl. Kli︠u︡nin.
=246  11$aNarod na voĭne :$b(iz zapisok voennogo korrespondenta).
=260  \\$aPetrograd :$bIzdanīe B.A. Suvorina,$c1916.
=300  \\$a2 p. l., [vii]-viii, 242 p. ;$c21 cm.
=336  \\$atext$2rdacontent
=337  \\$acomputer$2rdamedia
=338  \\$aonline$2rdacarrier
=490  1\$aBiblīoteka "Vecherni︠a︡go vremeni"
=500  \\$aAt head of title: Aleksi︠e︡ĭ Ksi︠u︡nin.
=650  \0$aWorld War, 1914-1918$vPersonal narratives, Russian.
=655  \4$aBook
=830  \0$aBiblīoteka "Vecherni︠a︡go vremeni".
=859  \\$aXLD$bWW1
=880  01$6245-10$aНародъ на войнѣ :$bИзъ записокъ военнаго корреспондента/$cАл. Ксюнинъ.
=852  4\$cDRT$jDigital Store 9081.ee.19.$aBritish Library$bHMNTS
=CAT  \\$aBATCH-DCW$b00$c20131128$lBLL01$h0019
=CAT  \\$aWR14.046$c20140417$lBLL01$h1725
=CAT  \\$aWR13.144/5$c20140418$lBLL01$h1049
=CAT  \\$aBATCH-UPD$b00$c20150520$lBLL01$h1027
=FIN  \\$aY$d20131128
=LKR  \\$aPAR$lBLL01$r776$b002029321$mNarod na voĭni︠e︡ : (iz zapisok voennago korrespondenta) /$nNarod na voĭni︠e︡ : (iz zapisok voennago korrespondenta) /
=DGM  \\$a002029321$bCatBridge variable field
=DRT  \\$aWW1
=SRC  \\$aWW1$bEuropeana_Collections_1914-1918_20131017_1
=OHC  \\$a1
=LAS  \\$aBATCH-UPD$b00$c20150520$lBLL01$h1027

