=LDR  02297 am a22005053  4500
=001  016553059
=003  Uk
=005  20131128001900.0
=007  cr\mn\024mpada
=008  890721|1918||||enk\\\\|s\\\\o|||\||eng\\
=FMT  \\$a  BK
=019  x\$a1990770363
=040  \\$aUk$cUk
=110  2\$aRusskiĭ Pravitel'stvennyĭ Komitet v Londone (LONDON)
=245  10$aReport on R.N.A.S. Armoured Car Squadron under Commander O. Locker-Lampson ... serving in Russia. [Signed: Nugent M. Clougher.]
=260  \\$a[London] :$bRussian Government Committee in London,$c1918.
=300  \\$aff. 41. ;$c27 cm.
=336  \\$atext$2rdacontent
=337  \\$acomputer$2rdamedia
=338  \\$aonline$2rdacarrier
=500  \\$aTypewritten.
=650  \0$aWorld War, 1914-1918$xCampaigns$zEastern Front
=655  \4$aOfficial document
=700  1\$aCLOUGHER, Nugent M.
=700  1\$aLAMPSON, O. Locker.
=710  1\$aGreat Britain.$bRoyal Naval Air Service.$bArmoured Car Squadron.
=859  \\$aXLD$bWW1
=886  2\$2blmarc$a709$b00$aCLOUGHER$hNugent M.$pX.802/2122.$x0643800042
=886  2\$2blmarc$a709$b00$aENGLAND$dDepartments of State and Official Bodies$dNavy$dRoyal Naval Air Service$dArmoured Car Squadron$pX.802/2122.$x098359001X
=886  2\$2blmarc$a709$b00$aLAMPSON$hO. Locker$pX.802/2122.$x1831750023
=852  4\$cDRT$jDigital Store X.802/2122.$aBritish Library$bHMNTS
=985  \\$aCorrected by MS generated file for WR# 12.037
=985  \\$aEnhanced by MS generated file for WR# 12/139
=985  \\$aEnhanced by MS generated file for WR# 13/021
=985  \\$aEnhanced by MS generated file for WR# 13/054
=CAT  \\$aBATCH-DCW$b00$c20131128$lBLL01$h0019
=CAT  \\$aWR14.046$c20140417$lBLL01$h1725
=CAT  \\$aWR13.144/5$c20140418$lBLL01$h1049
=FIN  \\$aY$d20131128
=LKR  \\$aPAR$lBLL01$r776$b002244066$mReport on R.N.A.S. Armoured Car Squadron under Commander O. Locker-Lampson ... serving in Russia. [Signed: Nugent M. Clougher.]$nReport on R.N.A.S. Armoured Car Squadron under Commander O. Locker-Lampson ... serving in Russia. [Signed: Nugent M. Clougher.]
=DGM  \\$a002244066$bCatBridge variable field
=DRT  \\$aWW1
=SRC  \\$aWW1$bEuropeana_Collections_1914-1918_20131017_1
=OHC  \\$a1
=LAS  \\$aWR13.144/5$b00$c20140418$lBLL01$h1049

