=LDR  02218 am a22004813  4500
=001  016553060
=003  Uk
=005  20131128001900.0
=007  cr\mn\024mpada
=008  890522|1918||||enk\\\\|s\\\\\|||\||eng\\
=FMT  \\$a  BK
=019  x\$a2050200196
=040  \\$aUk$cUk
=100  1\$aMACCURDY, Charles Albert,$cRight Hon.
=245  10$aGuilty! Prince Lichnowsky's disclosures. ("Berlin insisted that Serbia must be massacred.").
=260  \\$a[London] :$bNational War Aims Committee,$c[1918]
=300  \\$a12 p. ;$c23 cm.
=336  \\$atext$2rdacontent
=337  \\$acomputer$2rdamedia
=338  \\$aonline$2rdacarrier
=490  0\$a(German aims series.)
=500  \\$aWith special reference to the English translation of "Meine Londoner Mission, 1912-1914" by Carl Max, Prince Lichnowsky.
=650  \0$aWorld War, 1914-1918$xPropaganda.
=655  \4$aBook
=700  1\$aLICHNOWSKY, Carl Max,$cPrince.$t[Meine Londoner Mission, 1912-1914.] Traduction intégrale du mémoire du prince Lichnowski.
=859  \\$aXLD$bWW1
=886  2\$2blmarc$a709$b00$aLICHNOWSKY$hCarl Max$fPrince$t[Meine Londoner Mission, 1912-1914.] Traduction intégrale du mémoire du prince Lichnowski.$pX.709/27592.$x1914850122
=852  4\$cDRT$jDigital Store X.709/27592.$aBritish Library$bHMNTS
=985  \\$aCorrected by BSS-generated file for WR# 10/172
=985  \\$aCorrected by MS generated file for WR# 12.037
=985  \\$aEnhanced by MS generated file for WR# 12/139
=985  \\$aEnhanced by MS generated file for WR# 13/021
=985  \\$aEnhanced by MS generated file for WR# 13/054
=CAT  \\$aBATCH-DCW$b00$c20131128$lBLL01$h0019
=CAT  \\$aWR14.046$c20140417$lBLL01$h1725
=CAT  \\$aWR13.144/5$c20140418$lBLL01$h1049
=FIN  \\$aY$d20131128
=LKR  \\$aPAR$lBLL01$r776$b002308596$mGuilty! Prince Lichnowsky's disclosures. ("Berlin insisted that Serbia must be massacred.").$nGuilty! Prince Lichnowsky's disclosures. ("Berlin insisted that Serbia must be massacred.").
=DGM  \\$a002308596$bCatBridge variable field
=DRT  \\$aWW1
=SRC  \\$aWW1$bEuropeana_Collections_1914-1918_20131017_1
=OHC  \\$a1
=LAS  \\$aWR13.144/5$b00$c20140418$lBLL01$h1049

