=LDR  02426 am a22004813  4500
=001  016553062
=003  Uk
=005  20200626182918.0
=007  cr\mn\024mpada
=008  890601|1918||||stk\\\\|s\\\\\|||\||eng\\
=FMT  \\$a  BK
=019  x\$a2161150111
=040  \\$aUk$cUk
=100  1\$aMaxwell, Herbert,$cSir,$d1845-1937.
=245  14$aThe Lowland Scots Regiments, their origin, character and services previous to the great war of 1914. Edited for the Association of Lowland Scots by the Right Hon. Sir H. Maxwell, Bt. [With 14 plates and with an appendix on "Regimental Music" by Alexander W. Inglis.]
=264  \1$aGlasgow :$bJ. Maclehose & Sons,$c1918.
=300  \\$axii, 339 pages ;$c(8º)
=336  \\$atext$2rdacontent
=337  \\$acomputer$2rdamedia
=338  \\$aonline$2rdacarrier
=650  \0$aWorld War, 1914-1918.
=655  \4$aBook
=700  1\$aINGLIS, Alexander W.
=859  \\$aXLD$bWW1
=886  2\$2blmarc$a709$b00$aINGLIS$hAlexander W.$p8834.ff.1.$x1584030194
=852  4\$cDRT$jDigital Store 8834.ff.1.$aBritish Library$bHMNTS
=985  \\$aCorrected by BSS-generated file for WR# 11/216
=985  \\$aCorrected by MS generated file for WR# 12.037
=985  \\$aEnhanced by MS generated file for WR# 12/139
=985  \\$aCorrected by MS generated file for WR# 1805-0738
=CAT  \\$aBATCH-DCW$b00$c20131128$lBLL01$h0019
=CAT  \\$aWR14.046$c20140417$lBLL01$h1725
=CAT  \\$aWR13.144/5$c20140418$lBLL01$h1049
=CAT  \\$a1805-0738$c20181228$lBLL01$h1834
=CAT  \\$a1805-0738$b00$c20181228$lBLL01$h1918
=CAT  \\$aW2001-2376$c20200626$lBLL01$h1829
=FIN  \\$aY$d20131128
=LKR  \\$aPAR$lBLL01$r776$b002433705$mThe Lowland Scots Regiments, their origin, character and services previous to the great war of 1914. Edited for the Association of Lowland Scots by the Right Hon. Sir H. Maxwell, Bt. [With 14 plates and with an appendix on "Regimental Music" by Alexander W. Inglis.]$nThe Lowland Scots Regiments, their origin, character and services previous to the great war of 1914. Edited for the Association of Lowland Scots by the Right Hon. Sir H. Maxwell, Bt. [With 14 plates and with an appendix on "Regimental Music" by Alexander W. Inglis.]
=DGM  \\$a002433705$bCatBridge variable field
=DRT  \\$aWW1
=SRC  \\$aWW1$bEuropeana_Collections_1914-1918_20131017_1
=OHC  \\$a1
=LAS  \\$aW2001-2376$b00$c20200626$lBLL01$h1829

