=LDR  01506 am a2200421 a 4500
=001  016553064
=003  Uk
=005  20131128001900.0
=007  cr\mn\024mpada
=008  890726s1915\\\\hu\\\\\\s\\\\\000\0chun\\
=FMT  \\$a  BK
=019  x\$a2313880079
=040  \\$aUk$cUk$dUk
=245  00$aCsataképek a nagy háboruból /$cösszeállította és előszóval ellátta Nagy Endre.
=260  \\$aBudapest :$bSinger és Wolfner kiadása,$c1915.
=300  \\$a192 p. ;$c21 cm.
=336  \\$atext$2rdacontent
=337  \\$acomputer$2rdamedia
=338  \\$aonline$2rdacarrier
=490  1\$aA nagy háború könyvei
=650  \0$aWorld War, 1914-1918$vPersonal narratives, Hungarian.
=650  \0$aWorld War, 1914-1918$vPersonal narratives.
=655  \4$aBook
=700  1\$aNagy, Endre,$d1877-1938.
=830  \2$aA nagy háború könyvei.
=859  \\$aXLD$bWW1
=852  4\$cDRT$jDigital Store 09082.cc.56$aBritish Library$bHMNTS
=985  \\$aCorrected by MS generated file for WR# 12.037
=CAT  \\$aBATCH-DCW$b00$c20131128$lBLL01$h0019
=CAT  \\$aWR14.046$c20140417$lBLL01$h1725
=CAT  \\$aWR13.144/5$c20140418$lBLL01$h1049
=FIN  \\$aY$d20131128
=LKR  \\$aPAR$lBLL01$r776$b002601370$mCsataképek a nagy háboruból /$nCsataképek a nagy háboruból /
=DGM  \\$a002601370$bCatBridge variable field
=DRT  \\$aWW1
=SRC  \\$aWW1$bEuropeana_Collections_1914-1918_20131017_1
=OHC  \\$a1
=LAS  \\$aWR13.144/5$b00$c20140418$lBLL01$h1049

