=LDR  01515 am a22004333  4500
=001  016553065
=003  Uk
=005  20131128001900.0
=007  cr\mn\024mpada
=008  891122|1915|||||||\\\\|s\\\\\|||\||eng\\
=FMT  \\$a  BK
=019  x\$a2642160300
=040  \\$aUk$cUk
=100  1\$aPower, D'Arcy,$cSir,$d1855-1941.
=245  10$aWounds in War, their treatment and results.
=260  \\$c1915.
=300  \\$a108 p.
=336  \\$atext$2rdacontent
=337  \\$acomputer$2rdamedia
=338  \\$aonline$2rdacarrier
=580  \\$aIn : Oxford War Primers. Oxford War Primers. 1915, etc. 8º.
=650  \0$aWorld War, 1914-1918$xMedical care.
=655  \4$aBook
=859  \\$aXLD$bWW1
=852  4\$cDRT$jDigital Store 12207.aa.4/4.$aBritish Library$bHMNTS
=985  \\$aCorrected by BSS-generated file for WR# 11/211
=985  \\$aCorrected by MS generated file for WR# 12.037
=985  \\$aEnhanced by MS generated file for WR# 13/021
=985  \\$aEnhanced by MS generated file for WR# 13/054
=CAT  \\$aBATCH-DCW$b00$c20131128$lBLL01$h0019
=CAT  \\$aWR14.046$c20140417$lBLL01$h1725
=CAT  \\$aWR13.144/5$c20140418$lBLL01$h1049
=FIN  \\$aY$d20131128
=LKR  \\$aPAR$lBLL01$r776$b002974316$mWounds in War, their treatment and results.$nWounds in War, their treatment and results.
=DGM  \\$a002974316$bCatBridge variable field
=DRT  \\$aWW1
=SRC  \\$aWW1$bEuropeana_Collections_1914-1918_20131017_1
=OHC  \\$a1
=LAS  \\$aWR13.144/5$b00$c20140418$lBLL01$h1049

