=LDR  01342 am a22003973  4500
=001  016553067
=003  Uk
=005  20131128001901.0
=007  cr\mn\024mpada
=008  900509|1914|||||||\\\\|s\\\\\|||\||eng\\
=FMT  \\$a  BK
=019  x\$a3111670198
=040  \\$aUk$cUk
=100  1\$aSTANDING, Percy Cross.
=245  14$aThe Campaign in Russian Poland.
=260  \\$c1914.
=300  \\$avi, 185 p.
=336  \\$atext$2rdacontent
=337  \\$acomputer$2rdamedia
=338  \\$aonline$2rdacarrier
=580  \\$aIn : Periodical Publications.-London.-Daily Telegraph. The Daily Telegraph War Books. 1914, etc. 8º.
=650  \0$aWorld War, 1914-1918$xCampaigns$zEastern Front.
=655  \4$aBook
=859  \\$aXLD$bWW1
=852  4\$cDRT$jDigital Store 9085.de.1/24.$aBritish Library$bHMNTS
=985  \\$aCorrected by BSS-generated file for WR# 11/211
=CAT  \\$aBATCH-DCW$b00$c20131128$lBLL01$h0019
=CAT  \\$aWR14.046$c20140417$lBLL01$h1725
=CAT  \\$aWR13.144/5$c20140418$lBLL01$h1049
=FIN  \\$aY$d20131128
=LKR  \\$aPAR$lBLL01$r776$b003476586$mThe Campaign in Russian Poland.$nThe Campaign in Russian Poland.
=DGM  \\$a003476586$bCatBridge variable field
=DRT  \\$aWW1
=SRC  \\$aWW1$bEuropeana_Collections_1914-1918_20131017_1
=OHC  \\$a1
=LAS  \\$aWR13.144/5$b00$c20140418$lBLL01$h1049

