=LDR  02071 am a22005173  4500
=001  016553069
=003  Uk
=005  20200626182918.0
=007  cr\mn\024mpada
=008  901005|1917||||xxu\\\\|s\\\\\|||\||eng\\
=FMT  \\$a  BK
=019  x\$a3533100235
=040  \\$aUk$cUk
=100  1\$aWINSLOW, Carroll Dana.
=245  10$aWith the French Flying Corps ... Illustrated.
=264  \1$aNew York :$bC. Scribner's Sons,$c1917.
=300  \\$aix, 226 pages ;$c(8º)
=336  \\$atext$2rdacontent
=337  \\$acomputer$2rdamedia
=338  \\$aonline$2rdacarrier
=650  \0$aWorld War, 1914-1918$xAerial operations
=655  \4$aBook
=775  0\$t[With the French Flying Corps ... Illustrated.]$w(Uk)MP1.0004229322.1$dpp. 190. Constable & Co.: London, 1917. 8º.
=859  \\$aXLD$bWW1
=852  4\$cDRT$jDigital Store 9082.e.33.$aBritish Library$bHMNTS
=985  \\$aCorrected by BSS-generated file for WR# 11/211
=985  \\$aCorrected by MS generated file for WR# 12.037
=985  \\$aDisaggregated record: Type B
=985  \\$aEnhanced by MS generated file for WR# 12/139
=985  \\$aEnhanced by MS generated file for WR# 13/021
=985  \\$aEnhanced by MS generated file for WR# 13/054
=985  \\$aCorrected by MS generated file for WR# 1805-0738
=CAT  \\$aBATCH-DCW$b00$c20131128$lBLL01$h0019
=CAT  \\$aWR14.046$c20140417$lBLL01$h1725
=CAT  \\$aWR13.144/5$c20140418$lBLL01$h1049
=CAT  \\$a1805-0738$c20181228$lBLL01$h1834
=CAT  \\$a1805-0738$b00$c20181228$lBLL01$h1918
=CAT  \\$aW2001-2376$c20200626$lBLL01$h1829
=FIN  \\$aY$d20131128
=LKR  \\$aPAR$b003952390$r775$mWith the French Flying Corps ... Illustrated.$n[With the French Flying Corps ... Illustrated.]
=LKR  \\$aPAR$lBLL01$r776$b003952389$mWith the French Flying Corps ... Illustrated.$nWith the French Flying Corps ... Illustrated.
=DGM  \\$a003952389$bCatBridge variable field
=DRT  \\$aWW1
=SRC  \\$aWW1$bEuropeana_Collections_1914-1918_20131017_1
=OHC  \\$a1
=LAS  \\$aW2001-2376$b00$c20200626$lBLL01$h1829

