=LDR  02114 am a22004933  4500
=001  016553070
=003  Uk
=005  20131128001901.0
=007  cr\mn\024mpada
=008  780323s1915\\\\ru\a\\\\s\\\\\000\u\rus\d
=FMT  \\$a  BK
=019  x\$a3594030040
=040  \\$aQCL$cQCL$dOCLCQ$dUk
=100  1\$aZhitkov, Konstantin Georgievich.
=245  10$6880-01$aRossīĭskiĭ imperatorskīĭ flot i floty Germanīi i Turt︠s︡īi /$cpod redakt︠s︡ieĭ K.G. Zhitkova i N.N. Nordmana.
=246  11$aRossiĭskiĭ imperatorskiĭ flot i floty Germanii i Turt︠s︡ii.
=250  \\$a3 god izdanii︠a︡.
=260  \\$aPetrograd :$bIzdanie t-va I.D. Sytina,$c1915.
=300  \\$a239 p. :$bill. ;$c19 cm.
=336  \\$atext$2rdacontent
=337  \\$acomputer$2rdamedia
=338  \\$aonline$2rdacarrier
=490  0\$aVoennye floty 1915 g.
=650  \0$aBattleships$zGermany$xHistory.
=650  \0$aBattleships$zRussia$xHistory.
=650  \0$aBattleships$zTurky$xHistory.
=651  \0$aRussia$xHistory, Naval.
=655  \4$aBook
=700  1\$aNordmana, N. N.
=859  \\$aXLD$bWW1
=880  01$6245-10$aРоссійскій Императорскій Флотъ и флоты Германіи и Турціи /$cПодъ редакціей К. Г. Житкова и Н. Н. Нордмана.
=886  2\$2blmarc$a709$b00$aNORDMAN$hNikolai Nikolaevich$p08806.aaa.39.$x2381130195
=852  4\$cDRT$jDigital Store 08806.aaa.39.$aBritish Library$bHMNTS
=985  \\$aCorrected by MS generated file for WR# 12.037
=CAT  \\$aBATCH-DCW$b00$c20131128$lBLL01$h0019
=CAT  \\$aWR14.046$c20140417$lBLL01$h1725
=CAT  \\$aWR13.144/5$c20140418$lBLL01$h1049
=FIN  \\$aY$d20131128
=LKR  \\$aPAR$lBLL01$r776$b004019273$mRossīĭskiĭ imperatorskīĭ flot i floty Germanīi i Turt︠s︡īi /$nRossīĭskiĭ imperatorskīĭ flot i floty Germanīi i Turt︠s︡īi /
=DGM  \\$a004019273$bCatBridge variable field
=DRT  \\$aWW1
=SRC  \\$aWW1$bEuropeana_Collections_1914-1918_20131017_1
=OHC  \\$a1
=LAS  \\$aWR13.144/5$b00$c20140418$lBLL01$h1049

