=LDR  01300 am a22003853  4500
=001  016553071
=003  Uk
=005  20131128001901.0
=007  cr\mn\024mpada
=008  070717s1918\\\\|||||||\s\\\\\|||\||eng\\
=FMT  \\$a  BK
=019  o\$aB05030127
=040  \\$aUk$beng$cUk
=110  1\$aGreat Britain.$bAir Ministry.
=245  10$aTypes of German Seaplanes and flying boats.
=260  \\$a[S.l.] :$bAir Council,$c1918.
=336  \\$atext$2rdacontent
=337  \\$acomputer$2rdamedia
=338  \\$aonline$2rdacarrier
=490  0\$aAir Intelligence ;$vA.1.4
=650  \0$aWorld War, 1914-1918$xTechnology
=655  \4$aOfficial document
=859  \\$aXLD$bWW1
=852  4\$cDRT$jDigital Store W38/7615$aBritish Library$bDSC
=985  \\$aCorrected by MS generated file for WR# 12.037
=CAT  \\$aBATCH-DCW$b00$c20131128$lBLL01$h0019
=CAT  \\$aWR14.046$c20140417$lBLL01$h1725
=CAT  \\$aWR13.144/5$c20140418$lBLL01$h1049
=FIN  \\$aY$d20131128
=LKR  \\$aPAR$lBLL01$r776$b015213129$mTypes of German Seaplanes and flying boats.$nTypes of German Seaplanes and flying boats.
=DGM  \\$a015213129$bCatBridge variable field
=DRT  \\$aWW1
=SRC  \\$aWW1$bEuropeana_Collections_1914-1918_20131017_1
=OHC  \\$a1
=LAS  \\$aWR13.144/5$b00$c20140418$lBLL01$h1049

