=LDR  02341 am a22005173  4500
=001  016553073
=003  Uk
=005  20200626182918.0
=007  cr\mn\024mpada
=008  880629|1916||||enk\\\\|s\\\\o|||\||eng\\
=FMT  \\$a  BK
=019  x\$a0990690008
=040  \\$aUk$cUk
=110  1\$aGreat Britain.$bCommittee on Royal Aircraft Factory.
=245  10$aReport of the Committee on Royal Aircraft Factory, and Report to the War Committee by the Air Board on the subject of the Royal Aircraft Factory.
=264  \1$aLondon,$c1916.
=300  \\$a9 pages ;$c(folio)
=336  \\$atext$2rdacontent
=337  \\$acomputer$2rdamedia
=338  \\$aonline$2rdacarrier
=490  0\$a[Parliamentary Papers. House of Commons. Session 1916. vol. 4. Cd. 8191.]
=650  \0$aWorld War, 1914-1918$xTechnology
=655  \4$aOfficial document
=710  1\$aGreat Britain.$bAir Board.
=859  \\$aXLD$bWW1
=886  2\$2blmarc$a709$b00$aENGLAND$dDepartments of State and Official Bodies$dAir Board$pB.S.$x0963890123$pB.S.45/208.$x0963890123
=852  4\$aBritish Library$bHMNTS$cDRT$jDigital Store B.S.45/208.
=985  \\$aCorrected by BSS-generated file for WR# 11/124
=985  \\$aCorrected by MS generated file for WR# 12.037
=985  \\$aEnhanced by MS generated file for WR# 12/139
=985  \\$aEnhanced by MS generated file for WR# 13/021
=985  \\$aEnhanced by MS generated file for WR# 13/054
=985  \\$aCorrected by MS generated file for WR# 1805-0738
=CAT  \\$aBATCH-DCW$b00$c20131128$lBLL01$h0036
=CAT  \\$aWR14.046$c20140417$lBLL01$h1725
=CAT  \\$aWR13.144/5$c20140418$lBLL01$h1049
=CAT  \\$a1805-0738$c20181228$lBLL01$h1834
=CAT  \\$a1805-0738$b00$c20181228$lBLL01$h1918
=CAT  \\$aW2001-2376$c20200626$lBLL01$h1829
=FIN  \\$aY$d20131128
=LKR  \\$aPAR$lBLL01$r776$b001121695$mReport of the Committee on Royal Aircraft Factory, and Report to the War Committee by the Air Board on the subject of the Royal Aircraft Factory.$nReport of the Committee on Royal Aircraft Factory, and Report to the War Committee by the Air Board on the subject of the Royal Aircraft Factory.
=DGM  \\$a001121695$bCatBridge variable field
=DRT  \\$aWW1
=SRC  \\$aWW1$bEuropeana_Collections_1914-1918_20131018_1
=OHC  \\$a2
=LAS  \\$aW2001-2376$b00$c20200626$lBLL01$h1829

