=LDR  02030 am a22004933  4500
=001  016553074
=003  Uk
=005  20200626182918.0
=007  cr\mn\024mpada
=008  880509|1918||||enk\\\\|s\\\\\|||\||eng\\
=FMT  \\$a  BK
=019  x\$a0701450088
=040  \\$aUk$cUk
=100  1\$aCORNISH, Gerald Warre.
=245  10$aBeneath the Surface, and other stories ... With a portrait of the author and an introduction by Desmond MacCarthy.
=264  \1$aLondon :$bGrant Richards,$c[1918]
=300  \\$a373 pages ;$c(8º)
=336  \\$atext$2rdacontent
=337  \\$acomputer$2rdamedia
=338  \\$aonline$2rdacarrier
=650  \0$aWorld War, 1914-1918$xLiterature and the war.
=655  \4$aBook
=700  1\$aMACCARTHY, Desmond,$cSir.
=859  \\$aXLD$bWW1
=886  2\$2blmarc$a709$b00$aMACCARTHY$eSir$hDesmond$p012603.g.10.$x2043410237
=852  4\$cDRT$jDigital Store 012603.g.10.$aBritish Library$bHMNTS
=985  \\$aCorrected by MS generated file for WR# 12.037
=985  \\$aEnhanced by MS generated file for WR# 12/139
=985  \\$aEnhanced by MS generated file for WR# 13/021
=985  \\$aEnhanced by MS generated file for WR# 13/054
=985  \\$aCorrected by MS generated file for WR# 1805-0738
=CAT  \\$aBATCH-DCW$b00$c20131128$lBLL01$h0036
=CAT  \\$aWR14.046$c20140417$lBLL01$h1725
=CAT  \\$aWR13.144/5$c20140418$lBLL01$h1049
=CAT  \\$a1805-0738$c20181228$lBLL01$h1834
=CAT  \\$a1805-0738$b00$c20181228$lBLL01$h1918
=CAT  \\$aW2001-2376$c20200626$lBLL01$h1829
=FIN  \\$aY$d20131128
=LKR  \\$aPAR$lBLL01$r776$b000788699$mBeneath the Surface, and other stories ... With a portrait of the author and an introduction by Desmond MacCarthy.$nBeneath the Surface, and other stories ... With a portrait of the author and an introduction by Desmond MacCarthy.
=DGM  \\$a000788699$bCatBridge variable field
=DRT  \\$aWW1
=SRC  \\$aWW1$bEuropeana_Collections_1914-1918_20131018_1
=OHC  \\$a1
=LAS  \\$aW2001-2376$b00$c20200626$lBLL01$h1829

