=LDR  02079 am a22004933  4500
=001  016553075
=003  Uk
=005  20200626182918.0
=007  cr\mn\024mpada
=008  880726|1919||||enk\\\\|s\\\\o|||\||eng\\
=FMT  \\$a  BK
=019  x\$a096443007X
=040  \\$aUk$cUk
=110  1\$aGreat Britain.$bArmy.$bDivision, 30th.
=245  12$aA Brief History of the 30th Division from its reconstitution in July, 1918, to the Armistice, 11th Nov., 1918. [With two sketch maps.]
=264  \1$aLondon :$bWar Narratives Publishing Co,$c1919.
=300  \\$a64 pages ;$c(8º)
=336  \\$atext$2rdacontent
=337  \\$acomputer$2rdamedia
=338  \\$aonline$2rdacarrier
=650  \0$aRegimental histories
=655  \4$aBook
=859  \\$aXLD$bWW1
=852  4\$cDRT$jDigital Store 9082.bbb.8.$aBritish Library$bHMNTS
=985  \\$aCorrected by BSS-generated file
=985  \\$aCorrected by BSS-generated file for WR# 08/145
=985  \\$aCorrected by BSS-generated file for WR# 11/211
=985  \\$aEnhanced by MS generated file for WR# 12/139
=985  \\$aEnhanced by MS generated file for WR# 13/021
=985  \\$aEnhanced by MS generated file for WR# 13/054
=985  \\$aCorrected by MS generated file for WR# 1805-0738
=CAT  \\$aBATCH-DCW$b00$c20131128$lBLL01$h0036
=CAT  \\$aWR14.046$c20140417$lBLL01$h1725
=CAT  \\$aWR13.144/5$c20140418$lBLL01$h1049
=CAT  \\$a1805-0738$c20181228$lBLL01$h1834
=CAT  \\$a1805-0738$b00$c20181228$lBLL01$h1918
=CAT  \\$aW2001-2376$c20200626$lBLL01$h1829
=FIN  \\$aY$d20131128
=LKR  \\$aPAR$lBLL01$r776$b001094766$mA Brief History of the 30th Division from its reconstitution in July, 1918, to the Armistice, 11th Nov., 1918. [With two sketch maps.]$nA Brief History of the 30th Division from its reconstitution in July, 1918, to the Armistice, 11th Nov., 1918. [With two sketch maps.]
=DGM  \\$a001094766$bCatBridge variable field
=DRT  \\$aWW1
=SRC  \\$aWW1$bEuropeana_Collections_1914-1918_20131018_1
=OHC  \\$a1
=LAS  \\$aW2001-2376$b00$c20200626$lBLL01$h1829

