=LDR  01808 am a22004813  4500
=001  016553076
=003  Uk
=005  20200626182918.0
=007  cr\mn\024mpada
=008  880629|1920||||enk\\\\|s\\\\o|||\||eng\\
=FMT  \\$a  BK
=019  x\$a0990700259
=040  \\$aUk$cUk
=110  1\$aGreat Britain.$bWar Office.$bGeneral Staff.
=245  10$aHandbook of the German Army in War, November, 1918, etc. [With maps.]
=264  \1$a[London],$c[1920?]
=300  \\$a208 pages, 35 plates ;$c(8º)
=336  \\$atext$2rdacontent
=337  \\$acomputer$2rdamedia
=338  \\$aonline$2rdacarrier
=500  \\$aPrevious edition 1917.
=650  \0$a650 _0$aGermany
=655  \4$aOfficial document
=859  \\$aXLD$bWW1
=852  4\$cDRT$jDigital Store B.S.45/244.$aBritish Library$bHMNTS
=985  \\$aCorrected by MS generated file for WR# 12.037
=985  \\$aEnhanced by MS generated file for WR# 12/139
=985  \\$aEnhanced by MS generated file for WR# 13/021
=985  \\$aEnhanced by MS generated file for WR# 13/054
=985  \\$aCorrected by MS generated file for WR# 1805-0738
=CAT  \\$aBATCH-DCW$b00$c20131128$lBLL01$h0036
=CAT  \\$aWR14.046$c20140417$lBLL01$h1725
=CAT  \\$aWR13.144/5$c20140418$lBLL01$h1049
=CAT  \\$a1805-0738$c20181228$lBLL01$h1834
=CAT  \\$a1805-0738$b00$c20181228$lBLL01$h1918
=CAT  \\$aW2001-2376$c20200626$lBLL01$h1829
=FIN  \\$aY$d20131128
=LKR  \\$aPAR$lBLL01$r776$b001121743$mHandbook of the German Army in War, November, 1918, etc. [With maps.]$nHandbook of the German Army in War, November, 1918, etc. [With maps.]
=DGM  \\$a001121743$bCatBridge variable field
=DRT  \\$aWW1
=SRC  \\$aWW1$bEuropeana_Collections_1914-1918_20131018_1
=OHC  \\$a1
=LAS  \\$aW2001-2376$b00$c20200626$lBLL01$h1829

