=LDR  02082 am a22005293  4500
=001  016553077
=003  Uk
=005  20200626182918.0
=007  cr\mn\024mpada
=008  940208|1920||||enk\\\\|s\\\\\|||\||eng\\
=FMT  \\$a  BK
=019  x\$a244238020X
=040  \\$aUk$cUk
=100  1\$aOwen, Wilfred,$d1893-1918.
=245  10$aPoems ... With an introduction by Siegfried Sassoon. [With a portrait.]
=264  \1$aLondon :$bChatto & Windus,$c1920.
=300  \\$aix, 33 pages ;$c(8º)
=336  \\$atext$2rdacontent
=337  \\$acomputer$2rdamedia
=338  \\$aonline$2rdacarrier
=650  \0$aWorld War, 1914-1918$xLiterature and the war.
=655  \4$aBook
=700  1\$aSassoon, Siegfried,$d1886-1967.
=859  \\$aXLD$bWW1
=886  2\$2blmarc$a709$b00$aSASSOON$hSiegfried Loraine$p11648.f.57.$x2903220034
=852  4\$cDRT$jDigital Store Cup.410.f.490.$aBritish Library$bHMNTS
=985  \\$aCorrected by BSS-generated file for WR# 11/048
=985  \\$aCorrected by MS generated file for WR# 12.037
=985  \\$aEnhanced by MS generated file for WR# 12/139
=985  \\$aEnhanced by MS generated file for WR# 13/021
=985  \\$aEnhanced by MS generated file for WR# 13/054
=985  \\$aCorrected by MS generated file for WR# 1805-0738
=CAT  \\$aBATCH-DCW$b00$c20131128$lBLL01$h0036
=CAT  \\$aWR14_014$c20140224$lBLL01$h0839
=CAT  \\$aWR14.046$c20140417$lBLL01$h1725
=CAT  \\$aWR13.144/5$c20140418$lBLL01$h1049
=CAT  \\$aBATCH-UPD$b00$c20150520$lBLL01$h1024
=CAT  \\$a1805-0738$c20181228$lBLL01$h1834
=CAT  \\$a1805-0738$b00$c20181228$lBLL01$h1918
=CAT  \\$aW2001-2376$c20200626$lBLL01$h1829
=FIN  \\$aY$d20131128
=LKR  \\$aPAR$lBLL01$r776$b002737571$mPoems ... With an introduction by Siegfried Sassoon. [With a portrait.]$nPoems ... With an introduction by Siegfried Sassoon. [With a portrait.]
=DGM  \\$a002737571$bCatBridge variable field
=DRT  \\$aWW1
=SRC  \\$aWW1$bEuropeana_Collections_1914-1918_20131018_1
=OHC  \\$a1
=LAS  \\$aW2001-2376$b00$c20200626$lBLL01$h1829

