=LDR  01953 am a22005053  4500
=001  016553078
=003  Uk
=005  20200626182918.0
=007  cr\mn\024mpada
=008  900814s1916\\\\un\\\\\\s\\\\\000\0\ukr\\
=FMT  \\$a  BK
=019  x\$a3321160277
=040  \\$aUk$cUk
=110  2\$aSoi︠u︡z vyzvolenni︠a︡ Ukraïny (UKRAINE)
=245  10$aСлїдами українських сїчових стрільцїв /$c[By O. Nazaruk.]
=246  1\$aSlidamy ukraïnsʹkykh sichovykh strilʹt︠s︡iv
=264  \1$aЛьвів,$c1916.
=300  \\$a153 pages ;$c(8º)
=336  \\$atext$2rdacontent
=337  \\$acomputer$2rdamedia
=338  \\$aonline$2rdacarrier
=610  20$aUkraïnsʹki sichovi strilʹt︠s︡i.
=650  \0$aWorld War, 1914-1918$zAustria
=650  \0$aWorld War, 1914-1918$zUkraine.
=655  \4$aBook
=700  1\$aNazaruk, Osyp,$d1883-1940.
=859  \\$aXLD$bWW1
=886  2\$2blmarc$a709$b00$aNAZARUK$hOsip$p09080.cc.44.$x2330560206
=852  4\$cDRT$jDigital Store 09080.cc.44.$aBritish Library$bHMNTS
=985  \\$aCorrected by MS generated file for WR# 12.037
=985  \\$aCorrected by MS generated file for WR# 1805-0738
=CAT  \\$aBATCH-DCW$b00$c20131128$lBLL01$h0036
=CAT  \\$aWR14.046$c20140417$lBLL01$h1725
=CAT  \\$aWR13.144/5$c20140418$lBLL01$h1049
=CAT  \\$aBATCH-UPD$b00$c20150520$lBLL01$h1027
=CAT  \\$a1805-0738$c20181228$lBLL01$h1834
=CAT  \\$a1805-0738$b00$c20181228$lBLL01$h1918
=CAT  \\$aW2001-2376$c20200626$lBLL01$h1829
=FIN  \\$aY$d20131128
=LKR  \\$aPAR$lBLL01$r776$b003703545$mСлїдами українських сїчових стрільцїв /$nСлїдами українських сїчових стрільцїв /
=DGM  \\$a003703545$bCatBridge variable field
=DRT  \\$aWW1
=SRC  \\$aWW1$bEuropeana_Collections_1914-1918_20131018_1
=OHC  \\$a1
=LAS  \\$aW2001-2376$b00$c20200626$lBLL01$h1829

