=LDR  01966 am a22005173  4500
=001  016553079
=003  Uk
=005  20200626182918.0
=007  cr\mn\024mpada
=008  901003|1916||||enk\\\\|s\\\\||||\||eng\\
=FMT  \\$a  BK
=019  x\$a3571060180
=040  \\$aUk$cUk
=245  10$aWar Poems. By "X." [i.e. T. W. H. Crossland.]
=264  \1$aLondon :$bMarti, Secker,$c1916.
=300  \\$aviii, 95 pages ;$c(8º)
=336  \\$atext$2rdacontent
=337  \\$acomputer$2rdamedia
=338  \\$aonline$2rdacarrier
=650  \0$aWorld War, 1914-1918$xLiterature and the war.
=655  \4$aBook
=700  1\$aCrosland, T. W. H.$q(Thomas William Hodgson),$d1865-1924.
=720  \\$aWAR POEMS
=720  \\$aX.$emain entry
=859  \\$aXLD$bWW1
=886  2\$2blmarc$a709$b00$aCROSLAND$hThomas William Hodgson$p011648.df.1.$x0732050316
=886  2\$2blmarc$a709$b00$aWAR POEMS$p011648.df.1.$x3444940009
=852  4\$cDRT$jDigital Store 011648.df.1.$aBritish Library$bHMNTS
=985  \\$aCorrected by MS generated file for WR# 12.037
=985  \\$aEnhanced by MS generated file for WR# 12/139
=985  \\$aEnhanced by MS generated file for WR# 13/021
=985  \\$aEnhanced by MS generated file for WR# 13/054
=985  \\$aCorrected by MS generated file for WR# 1805-0738
=CAT  \\$aBATCH-DCW$b00$c20131128$lBLL01$h0036
=CAT  \\$aWR14.046$c20140417$lBLL01$h1725
=CAT  \\$aWR13.144/5$c20140418$lBLL01$h1049
=CAT  \\$a1805-0738$c20181228$lBLL01$h1834
=CAT  \\$a1805-0738$b00$c20181228$lBLL01$h1918
=CAT  \\$aW2001-2376$c20200626$lBLL01$h1829
=FIN  \\$aY$d20131128
=LKR  \\$aPAR$lBLL01$r776$b003991430$mWar Poems. By "X." [i.e. T. W. H. Crossland.]$nWar Poems. By "X." [i.e. T. W. H. Crossland.]
=DGM  \\$a003991430$bCatBridge variable field
=DRT  \\$aWW1
=SRC  \\$aWW1$bEuropeana_Collections_1914-1918_20131018_1
=OHC  \\$a1
=LAS  \\$aW2001-2376$b00$c20200626$lBLL01$h1829

