=LDR  02025 am a2200493ua 4500
=001  016553085
=003  Uk
=005  20131128003637.0
=007  cr\mn\024mpada
=008  040107s1917\\\\ii\\\\\|s\\\\\000\||eng\\
=FMT  \\$a  BK
=010  \\$a18019791
=019  2\$aiole54412
=040  \\$aUk$cUk
=100  1\$aSingh, Ganga,$cMaharaja of Bikaner,$d1880-1943.
=245  12$aA voice from India :$baddress /$cby the Maharajah of Bikaner.
=260  \\$a[London] :$bPub. under the authority of the Empire Parliamentary Association (United Kingdom Branch),$c1917.
=300  \\$a24 p. ;$c22 cm.
=336  \\$atext$2rdacontent
=337  \\$acomputer$2rdamedia
=338  \\$aonline$2rdacarrier
=490  0\$aE.P.A. series
=490  0\$aThe Empire and the war
=650  \0$aWorld War, 1914-1918$xCampaigns$zAsia.
=651  \0$aIndia$xPolitics and government$y1765-1947.
=655  \4$aBook
=710  2\$aEmpire Parliamentary Association.$bUnited Kingdom Branch.
=859  \\$aXLD$bWW1
=886  2\$2blmarc$a967$b00$gx
=886  2\$2ukmarc$a900$b00$aGanga Singh$fMaharaja of Bikaner$c1880- 1943$xSee$aSingh, Ganga,$xMaharaja of Bikaner, 1880-1943$z100
=886  2\$2ukmarc$a900$b10$aGanga$hSingh$fSir, Maharaja of Bikaner$c1880- 1943$xSee$aSingh, Ganga,$xMaharaja of Bikaner, 1880-1943$z100
=886  2\$2ukmarc$a900$b10$aSingh$hGanga$fSir$c1880-1943$xSee$aSingh, Ganga,$xMaharaja of Bikaner, 1880-1943$z100
=852  4\$cDRT$jDigital Store T 13032(u)$aBritish Library$bOC
=985  \\$aCorrected by MS generated file for WR# 12.037
=CAT  \\$aBATCH-DCW$b00$c20131128$lBLL01$h0036
=CAT  \\$aWR14.046$c20140417$lBLL01$h1725
=CAT  \\$aWR13.144/5$c20140418$lBLL01$h1049
=FIN  \\$aY$d20131128
=LKR  \\$aPAR$lBLL01$r776$b007260434$mA voice from India : address /$nA voice from India : address /
=DGM  \\$a007260434$bCatBridge variable field
=DRT  \\$aWW1
=SRC  \\$aWW1$bEuropeana_Collections_1914-1918_20131018_1
=OHC  \\$a1
=LAS  \\$aWR13.144/5$b00$c20140418$lBLL01$h1049

