=LDR  01518 am a22004213  4500
=001  016553086
=003  Uk
=005  20200626182918.0
=007  cr\mn\024mpada
=008  960606s1916\\\\fr\\\\\|s\\\\\|||\||fre\\
=FMT  \\$a  BK
=019  x\$a057503033X
=040  \\$aUk$cUk
=100  1\$aChailley-Bert, Joseph,$d1854-1928.
=245  12$aL'Effort de l'Inde et de l'Union Sud-Africaine.
=264  \1$aParis,$c1916.
=300  \\$a30 pages ;$c(8º)
=336  \\$atext$2rdacontent
=337  \\$acomputer$2rdamedia
=338  \\$aonline$2rdacarrier
=490  0\$a[Comité "L'Effort de la France et de ses Alliés." L'Hommage français.]
=859  \\$aXLD$bWW1
=852  4\$aBritish Library$bOC$cDRT$jDigital Store P/T 594
=985  \\$aCorrected by MS generated file for WR# 12.037
=985  \\$aCorrected by MS generated file for WR# 1805-0738
=CAT  \\$aBATCH-DCW$b00$c20131128$lBLL01$h0051
=CAT  \\$aWR14.046$c20140417$lBLL01$h1725
=CAT  \\$aWR13.144/5$c20140418$lBLL01$h1049
=CAT  \\$a1805-0738$c20181228$lBLL01$h1834
=CAT  \\$a1805-0738$b00$c20181228$lBLL01$h1918
=CAT  \\$aW2001-2376$c20200626$lBLL01$h1829
=FIN  \\$aY$d20131128
=LKR  \\$aPAR$lBLL01$r776$b000651515$mL'Effort de l'Inde et de l'Union Sud-Africaine.$nL'Effort de l'Inde et de l'Union Sud-Africaine.
=DGM  \\$a000651515$bCatBridge variable field
=DRT  \\$aWW1
=SRC  \\$aWW1$bEuropeana_Collections_1914-1918_20131021_1
=OHC  \\$a2
=LAS  \\$aW2001-2376$b00$c20200626$lBLL01$h1829

