=LDR  01950 am a22005053  4500
=001  016553087
=003  Uk
=005  20200626182918.0
=007  cr\mn\024mpada
=008  890601|1918||||gr\\\\\|s\\\\\|||\||eng\\
=FMT  \\$a  BK
=019  x\$a2163540049
=040  \\$aUk$cUk
=100  1\$aMažuranić, Ivan,$d1814-1890.
=245  14$aThe Death of Smail Aga ... Rendered into English ... by Capt. James W. Wiles.
=264  \1$aSalonika :$bM. Ristivoyevich,$c1918.
=300  \\$a46 pages ;$c(8º)
=336  \\$atext$2rdacontent
=337  \\$acomputer$2rdamedia
=338  \\$aonline$2rdacarrier
=650  \0$aWorld War, 1914-1918
=650  \0$aWorld War, 1914-1918$xLiterature and the war
=655  \4$aBook
=700  1\$aWILES, James William.
=859  \\$aXLD$bWW1
=886  2\$2blmarc$a709$b00$aWILES$hJames William$p011586.b.81.$x3511500168
=852  4\$aBritish Library$bHMNTS$cDRT$jDigital Store 011586.b.81.
=985  \\$aCorrected by BSS-generated file for WR# 11/211
=985  \\$aCorrected by MS generated file for WR# 12.037
=985  \\$aEnhanced by MS generated file for WR# 12/139
=985  \\$aCorrected by MS generated file for WR# 1805-0738
=CAT  \\$aBATCH-DCW$b00$c20131128$lBLL01$h0051
=CAT  \\$aWR14.046$c20140417$lBLL01$h1725
=CAT  \\$aWR13.144/5$c20140418$lBLL01$h1049
=CAT  \\$a10039$b40$c20180720$lBLL01$h1327
=CAT  \\$a1805-0738$c20181228$lBLL01$h1834
=CAT  \\$a1805-0738$b00$c20181228$lBLL01$h1918
=CAT  \\$aW2001-2376$c20200626$lBLL01$h1829
=FIN  \\$aY$d20131128
=LKR  \\$aPAR$lBLL01$r776$b002439585$mThe Death of Smail Aga ... Rendered into English ... by Capt. James W. Wiles.$nThe Death of Smail Aga ... Rendered into English ... by Capt. James W. Wiles.
=DGM  \\$a002439585$bCatBridge variable field
=DRT  \\$aWW1
=SRC  \\$aWW1$bEuropeana_Collections_1914-1918_20131021_1
=OHC  \\$a2
=LAS  \\$aW2001-2376$b00$c20200626$lBLL01$h1829

