=LDR  01788 am a22004813  4500
=001  016553089
=003  Uk
=005  20200626182918.0
=007  cr\mn\024mpada
=008  880412|1916||||enk\\\\|s\\\\\|||\||fre\\
=FMT  \\$a  BK
=019  x\$a0254200249
=040  \\$aUk$cUk
=100  1\$aBÉRARD, Victor,$cof the École des Hautes Études.
=245  10$a[La Serbie.] Heroic Serbia. From the French.
=264  \1$a[London] :$bWomen's Printing Society,$c[1916?]
=300  \\$a36 pages ;$c(8º)
=336  \\$atext$2rdacontent
=337  \\$acomputer$2rdamedia
=338  \\$aonline$2rdacarrier
=650  \0$aWorld War, 1914-1918$xMoral and ethical aspects
=650  \0$aWorld War, 1914-1918$zSerbia
=655  \4$aPamphlet
=859  \\$aXLD$bWW1
=852  4\$cDRT$jDigital Store 9134.f.41.$aBritish Library$bHMNTS
=985  \\$aCorrected by MS generated file for WR# 12.037
=985  \\$aEnhanced by MS generated file for WR# 12/139
=985  \\$aEnhanced by MS generated file for WR# 13/021
=985  \\$aEnhanced by MS generated file for WR# 13/054
=985  \\$aCorrected by MS generated file for WR# 1805-0738
=CAT  \\$aBATCH-DCW$b00$c20131128$lBLL01$h0051
=CAT  \\$aWR14.046$c20140417$lBLL01$h1725
=CAT  \\$aWR13.144/5$c20140418$lBLL01$h1049
=CAT  \\$a1805-0738$c20181228$lBLL01$h1834
=CAT  \\$a1805-0738$b00$c20181228$lBLL01$h1918
=CAT  \\$aW2001-2376$c20200626$lBLL01$h1829
=FIN  \\$aY$d20131128
=LKR  \\$aPAR$lBLL01$r776$b000279680$m[La Serbie.] Heroic Serbia. From the French.$n[La Serbie.] Heroic Serbia. From the French.
=DGM  \\$a000279680$bCatBridge variable field
=DRT  \\$aWW1
=SRC  \\$aWW1$bEuropeana_Collections_1914-1918_20131021_1
=OHC  \\$a1
=LAS  \\$aW2001-2376$b00$c20200626$lBLL01$h1829

