=LDR  02392 am a22005173  4500
=001  016553090
=003  Uk
=005  20131128005130.0
=007  cr\mn\024mpada
=008  940511s1915\\\\ru\\\\\\s\\\\\000\0\rusod
=FMT  \\$a  BK
=019  x\$a127415006X
=040  \\$aHIN$cHIN$dOCLCQ$dOCLCG$dUk
=100  1\$aGolʹdshteĭn, Ī. M.,$d1868-1939.
=245  10$6880-01$aVoĭna, russko-germanskīĭ torgovyĭ dogovor i sli︠e︡duet li Rossīi bytʹ "kolonīeĭ" Germanīi.
=246  11$aVoĭna, russko-germanskiĭ torgovyĭ dogovor i sleduet li Rossii bytʹ "kolonieĭ" Germanii.
=250  \\$a2. ispr. i znachit. dop. izd.
=260  \\$aMoskva :$bTipo-lit. Russkago tovarishchestva pechatnago i izdatelʹskago di︠e︡la,$c1915.
=300  \\$a87 p. ;$c25 cm.
=336  \\$atext$2rdacontent
=337  \\$acomputer$2rdamedia
=338  \\$aonline$2rdacarrier
=500  \\$aFirst edition published in 1913 under title: Russko-germanskīĭ torgovyĭ dogovor ...
=650  \0$aGrain trade$zRussia.
=650  \0$aWorld War, 1914-1918$xEconomic aspects$zGermany.
=650  \0$aWorld War, 1914-1918$xEconomic aspects$zRussia.
=650  \0$aWorld War, 1914-1918$xFinance
=651  \0$aGermany$xCommerce$zRussia.
=651  \0$aRussia$xCommerce$zGermany.
=655  \4$aBook
=859  \\$aXLD$bWW1
=880  01$6245-10$aВойна, Русско-Германскій Торговый договоръ и слѣдуетъ ли Россіи быть "колоніей" Германіи.
=852  4\$cDRT$jDigital Store 08027.cc.28.$aBritish Library$bHMNTS
=985  \\$aCorrected by MS generated file for WR# 12.037
=CAT  \\$aBATCH-DCW$b00$c20131128$lBLL01$h0051
=CAT  \\$aWR14.046$c20140417$lBLL01$h1725
=CAT  \\$aWR13.144/5$c20140418$lBLL01$h1049
=CAT  \\$aBATCH-UPD$b00$c20150520$lBLL01$h1027
=CAT  \\$aBATCH-UPD$b00$c20151122$lBLL01$h2100
=FIN  \\$aY$d20131128
=LKR  \\$aPAR$lBLL01$r776$b001453589$mVoĭna, russko-germanskīĭ torgovyĭ dogovor i sli︠e︡duet li Rossīi bytʹ "kolonīeĭ" Germanīi.$nVoĭna, russko-germanskīĭ torgovyĭ dogovor i sli︠e︡duet li Rossīi bytʹ "kolonīeĭ" Germanīi.
=DGM  \\$a001453589$bCatBridge variable field
=DRT  \\$aWW1
=SRC  \\$aWW1$bEuropeana_Collections_1914-1918_20131021_1
=OHC  \\$a1
=LAS  \\$aBATCH-UPD$b00$c20151122$lBLL01$h2100

