=LDR  01736 am a22004933  4500
=001  016553091
=003  Uk
=005  20200626182918.0
=007  cr\mn\024mpada
=008  881215|1916||||enk\\\\|s\\\\\|||\||eng\\
=FMT  \\$a  BK
=019  x\$a1680470027
=040  \\$aUk$cUk
=100  1\$aBlaise, Margaret L.$q(Margaret Lily),$d1878-1935.
=245  12$aA World Language: why not Esperanto? /$cMargaret L. Blaise.
=250  \\$aSeventh edition.
=264  \1$a[London],$c[1916?]
=300  \\$a16 pages ;$c(16º)
=336  \\$atext$2rdacontent
=337  \\$acomputer$2rdamedia
=338  \\$aonline$2rdacarrier
=500  \\$aOn t.p. "Reprinted from "The Link" , June 1916".
=650  \0$aEsperanto
=650  \0$aWorld War, 1914-1918$xMoral and ethical aspects
=650  \0$aWorld language
=655  \4$aBook
=859  \\$aXLD$bWW1
=852  4\$cDRT$jDigital Store 012902.l.33.$aBritish Library$bHMNTS
=985  \\$aCorrected by BSS-generated file
=985  \\$aCorrected by MS generated file for WR# 12.037
=985  \\$aCorrected by MS generated file for WR# 1805-0738
=CAT  \\$aBATCH-DCW$b00$c20131128$lBLL01$h0051
=CAT  \\$aWR14.046$c20140417$lBLL01$h1725
=CAT  \\$aWR13.144/5$c20140418$lBLL01$h1049
=CAT  \\$a1805-0738$c20181228$lBLL01$h1834
=CAT  \\$a1805-0738$b00$c20181228$lBLL01$h1918
=CAT  \\$aW2001-2376$c20200626$lBLL01$h1829
=FIN  \\$aY$d20131128
=LKR  \\$aPAR$lBLL01$r776$b001897455$mA World Language: why not Esperanto? /$nA World Language: why not Esperanto? /
=DGM  \\$a001897455$bCatBridge variable field
=DRT  \\$aWW1
=SRC  \\$aWW1$bEuropeana_Collections_1914-1918_20131021_1
=OHC  \\$a1
=LAS  \\$aW2001-2376$b00$c20200626$lBLL01$h1829

