=LDR  01386 am a2200409 a 4500
=001  016553092
=003  Uk
=005  20131128005130.0
=007  cr\mn\024mpada
=008  890127s1915\\\\hu\a\\\\s\\\\\000\p\hun\\
=FMT  \\$a  BK
=019  x\$a1752440102
=040  \\$aUk$cUk$dUk
=100  1\$aKiss, József,$d1843-1921.
=245  10$aKiss József háborus versei /$cVáradi Albert rajzaival.
=260  \\$aBudapest :$bA Hét kiadása,$c1915.
=300  \\$a71 p. :$bill. ;$c21 cm.
=336  \\$atext$2rdacontent
=337  \\$acomputer$2rdamedia
=338  \\$aonline$2rdacarrier
=650  \0$aWar poetry, Hungarian$y20th century.
=650  \0$aWorld War, 1914-1918$vPoetry.
=655  \4$aBook
=700  1\$aVáradi, Albert,$d1896-1925.
=859  \\$aXLD$bWW1
=852  4\$cDRT$jDigital Store 11588.n.13$aBritish Library$bHMNTS
=985  \\$aCorrected by MS generated file for WR# 12.037
=CAT  \\$aBATCH-DCW$b00$c20131128$lBLL01$h0051
=CAT  \\$aWR14.046$c20140417$lBLL01$h1725
=CAT  \\$aWR13.144/5$c20140418$lBLL01$h1049
=FIN  \\$aY$d20131128
=LKR  \\$aPAR$lBLL01$r776$b001977959$mKiss József háborus versei /$nKiss József háborus versei /
=DGM  \\$a001977959$bCatBridge variable field
=DRT  \\$aWW1
=SRC  \\$aWW1$bEuropeana_Collections_1914-1918_20131021_1
=OHC  \\$a1
=LAS  \\$aWR13.144/5$b00$c20140418$lBLL01$h1049

