=LDR  02074 am a22005053  4500
=001  016553094
=003  Uk
=005  20200626182918.0
=007  cr\mn\024mpada
=008  890524s1915\\\\au\g\\\\s\\\\\000\0\ukr\\
=FMT  \\$a  BK
=019  x\$a1894580370
=040  \\$aUk$cUk
=100  1\$aLepkyĭ, Bohdan,$d1872-1941.
=240  10$aSingle Works
=245  10$a"Червона калина" :$bЗбірка присвячена українським сїчовим стрільцям /$cЗложив Богдан Лепкий, etc.
=246  1\$aChervona kalyna
=264  \1$aВідень,$c1915.
=300  \\$a35 pages :$bmusic ;$c(8º)
=336  \\$atext$2rdacontent
=337  \\$acomputer$2rdamedia
=338  \\$aonline$2rdacarrier
=500  \\$a[With musical notes.]
=610  20$aUkraïnsʹki sichovi strilʹt︠s︡i.
=650  \0$aWorld War, 1914-1918$xRegimental histories$zUkraine
=650  \0$aWorld War, 1914-1918$zUkraine.
=655  \4$aBook
=859  \\$aXLD$bWW1
=852  4\$cDRT$jDigital Store 012264.bb.4.$aBritish Library$bHMNTS
=985  \\$aCorrected by MS generated file for WR# 12.037
=985  \\$aCorrected by MS generated file for WR# 1805-0738
=CAT  \\$aBATCH-DCW$b00$c20131128$lBLL01$h0051
=CAT  \\$aWR14.046$c20140417$lBLL01$h1725
=CAT  \\$aWR13.144/5$c20140418$lBLL01$h1049
=CAT  \\$aBATCH-UPD$b00$c20150520$lBLL01$h1027
=CAT  \\$a1805-0738$c20181228$lBLL01$h1834
=CAT  \\$a1805-0738$b00$c20181228$lBLL01$h1918
=CAT  \\$aW2001-2376$c20200626$lBLL01$h1829
=FIN  \\$aY$d20131128
=LKR  \\$aPAR$lBLL01$r776$b002138235$m"Червона калина" : Збірка присвячена українським сїчовим стрільцям /$n"Червона калина" : Збірка присвячена українським сїчовим стрільцям /
=DGM  \\$a002138235$bCatBridge variable field
=DRT  \\$aWW1
=SRC  \\$aWW1$bEuropeana_Collections_1914-1918_20131021_1
=OHC  \\$a1
=LAS  \\$aW2001-2376$b00$c20200626$lBLL01$h1829

