=LDR  01718 am a22004333  4500
=001  016553095
=003  Uk
=005  20200626182918.0
=007  cr\mn\024mpada
=008  890228|1915||||enk\\\\|s\\\\\|||\||eng\\
=FMT  \\$a  BK
=019  x\$a1932810013
=040  \\$aUk$cUk
=100  1\$aLIPTON, Thomas Johnstone,$cSir,$cBart.
=245  14$aThe Terrible Truth about Serbia ... With Serbia's Fight for Freedom ... by "Shamrock.".
=264  \1$aLondon :$bBritish Red Cross Society,$c[1915]
=300  \\$a23 pages ;$c(8º)
=336  \\$atext$2rdacontent
=337  \\$acomputer$2rdamedia
=338  \\$aonline$2rdacarrier
=859  \\$aXLD$bWW1
=852  4\$cDRT$jDigital Store 9082.f.27.$aBritish Library$bHMNTS
=985  \\$aCorrected by BSS-generated file for WR# 11/160
=985  \\$aCorrected by MS generated file for WR# 12.037
=985  \\$aEnhanced by MS generated file for WR# 12/139
=985  \\$aCorrected by MS generated file for WR# 1805-0738
=CAT  \\$aBATCH-DCW$b00$c20131128$lBLL01$h0051
=CAT  \\$aWR14.046$c20140417$lBLL01$h1725
=CAT  \\$aWR13.144/5$c20140418$lBLL01$h1049
=CAT  \\$a1805-0738$c20181228$lBLL01$h1834
=CAT  \\$a1805-0738$b00$c20181228$lBLL01$h1918
=CAT  \\$aW2001-2376$c20200626$lBLL01$h1829
=FIN  \\$aY$d20131128
=LKR  \\$aPAR$lBLL01$r776$b002181061$mThe Terrible Truth about Serbia ... With Serbia's Fight for Freedom ... by "Shamrock.".$nThe Terrible Truth about Serbia ... With Serbia's Fight for Freedom ... by "Shamrock.".
=DGM  \\$a002181061$bCatBridge variable field
=DRT  \\$aWW1
=SRC  \\$aWW1$bEuropeana_Collections_1914-1918_20131021_1
=OHC  \\$a1
=LAS  \\$aW2001-2376$b00$c20200626$lBLL01$h1829

