=LDR  02324 am a22005173  4500
=001  016553096
=003  Uk
=005  20200626182918.0
=007  cr\mn\024mpada
=008  890503|1917||||enk\\\\|s\\\\\|||\||eng\\
=FMT  \\$a  BK
=019  x\$a2040230300
=040  \\$aUk$cUk
=100  1\$aLytton, Edward Robert Bulwer Lytton,$cEarl of,$d1831-1891.
=245  10$aSerbski Pesme; or, National Songs of Serbia. [Selected and translated from L. A. H. Dozon's "Poésies populaires serbes"] ... With a preface by G. H. Powell.
=264  \1$aLondon :$bChatto & Windus,$c1917.
=300  \\$a159 pages ;$c(8º)
=336  \\$atext$2rdacontent
=337  \\$acomputer$2rdamedia
=338  \\$aonline$2rdacarrier
=650  \0$aWorld War, 1914-1918$xLiterature and the war
=650  \0$aWorld War, 1914-1918$zSerbia
=655  \4$aBook
=700  1\$aDOZON, Louis Auguste Henri.
=859  \\$aXLD$bWW1
=886  2\$2blmarc$a709$b00$aDOZON$hLouis Auguste Henri$p011586.aaa.7.$x0864620012
=852  4\$cDRT$jDigital Store 011586.aaa.7.$aBritish Library$bHMNTS
=985  \\$aCorrected by BSS-generated file for WR# 11/048
=985  \\$aCorrected by MS generated file for WR# 12.037
=985  \\$aEnhanced by MS generated file for WR# 12/139
=985  \\$aEnhanced by MS generated file for WR# 13/021
=985  \\$aEnhanced by MS generated file for WR# 13/054
=985  \\$aCorrected by MS generated file for WR# 1805-0738
=CAT  \\$aBATCH-DCW$b00$c20131128$lBLL01$h0051
=CAT  \\$aWR14.046$c20140417$lBLL01$h1725
=CAT  \\$aWR13.144/5$c20140418$lBLL01$h1049
=CAT  \\$a1805-0738$c20181228$lBLL01$h1834
=CAT  \\$a1805-0738$b00$c20181228$lBLL01$h1918
=CAT  \\$aW2001-2376$c20200626$lBLL01$h1829
=FIN  \\$aY$d20131128
=LKR  \\$aPAR$lBLL01$r776$b002297191$mSerbski Pesme; or, National Songs of Serbia. [Selected and translated from L. A. H. Dozon's "Poésies populaires serbes"] ... With a preface by G. H. Powell.$nSerbski Pesme; or, National Songs of Serbia. [Selected and translated from L. A. H. Dozon's "Poésies populaires serbes"] ... With a preface by G. H. Powell.
=DGM  \\$a002297191$bCatBridge variable field
=DRT  \\$aWW1
=SRC  \\$aWW1$bEuropeana_Collections_1914-1918_20131021_1
=OHC  \\$a1
=LAS  \\$aW2001-2376$b00$c20200626$lBLL01$h1829

