=LDR  02170 am a22005173  4500
=001  016553097
=003  Uk
=005  20200626182918.0
=007  cr\mn\024mpada
=008  891107s1915\\\\au\g\\\\s\\\\\000\p\ukr\\
=FMT  \\$a  BK
=019  x\$a2594230014
=040  \\$aUk$cUk
=245  00$aСїм пісень :$bГостинець для українських вояків від "Союза визволення України."
=246  1\$aSïm pisenʹ
=264  \1$aВідень :$b[З друкарнї Адольфа Гольцгавзена у Віднї],$c1915.
=300  \\$a16 pages :$bmusic ;$c(8º)
=336  \\$atext$2rdacontent
=337  \\$acomputer$2rdamedia
=338  \\$aonline$2rdacarrier
=500  \\$a[With the music.]
=650  \0$aSoldiers' songs
=650  \0$aSongs, Ukrainian$vTexts.
=650  \0$aWorld War, 1914-1918$vSongs and music
=650  \0$aWorld War, 1914-1918$zUkraine.
=655  \4$aBook
=710  2\$aSoi︠u︡z vyzvolenni︠a︡ Ukraïny.
=720  \\$aPISNI$emain entry
=859  \\$aXLD$bWW1
=852  4\$cDRT$jDigital Store 011586.aaa.10.$aBritish Library$bHMNTS
=985  \\$aCorrected by MS generated file for WR# 12.037
=985  \\$aCorrected by MS generated file for WR# 1805-0738
=CAT  \\$aBATCH-DCW$b00$c20131128$lBLL01$h0051
=CAT  \\$aWR14.046$c20140417$lBLL01$h1725
=CAT  \\$aWR13.144/5$c20140418$lBLL01$h1049
=CAT  \\$aBATCH-UPD$b00$c20150520$lBLL01$h1028
=CAT  \\$a1805-0738$c20181228$lBLL01$h1834
=CAT  \\$a1805-0738$b00$c20181228$lBLL01$h1918
=CAT  \\$aW2001-2376$c20200626$lBLL01$h1829
=FIN  \\$aY$d20131128
=LKR  \\$aPAR$lBLL01$r776$b002925258$mСїм пісень : Гостинець для українських вояків від "Союза визволення України."$nСїм пісень : Гостинець для українських вояків від "Союза визволення України."
=DGM  \\$a002925258$bCatBridge variable field
=DRT  \\$aWW1
=SRC  \\$aWW1$bEuropeana_Collections_1914-1918_20131021_1
=OHC  \\$a1
=LAS  \\$aW2001-2376$b00$c20200626$lBLL01$h1829

