=LDR  01633 am a2200469 a 4500
=001  016553098
=003  Uk
=005  20200626182918.0
=007  cr\mn\024mpada
=008  900125s1915\\\\hu\\\\\\s\\\\\000\0\hun\\
=FMT  \\$a  BK
=019  x\$a2662130059
=040  \\$aUk$cUk$dUk
=100  1\$aProhászka, Ottokár,$d1858-1927.
=245  12$aA háború lelke /$cProhászka Ottokár.
=250  \\$a2. kiad.
=264  \1$aBudapest :$bÉlet kiadás,$c1915.
=300  \\$a206, [1] pages ;$c20 cm, (8º)
=336  \\$atext$2rdacontent
=337  \\$acomputer$2rdamedia
=338  \\$aonline$2rdacarrier
=650  \0$aWorld War, 1914-1918$xMoral and ethical aspects.
=655  \4$aBook
=859  \\$aXLD$bWW1
=852  4\$cDRT$jDigital Store 04376.ee.59$aBritish Library$bHMNTS
=985  \\$aCorrected by BSS-generated file
=985  \\$aCorrected by BSS-generated file for WR# 11/031
=985  \\$aCorrected by MS generated file for WR# 12.037
=985  \\$aCorrected by MS generated file for WR# 1805-0738
=CAT  \\$aBATCH-DCW$b00$c20131128$lBLL01$h0051
=CAT  \\$aWR14.046$c20140417$lBLL01$h1725
=CAT  \\$aWR13.144/5$c20140418$lBLL01$h1049
=CAT  \\$a1805-0738$c20181228$lBLL01$h1834
=CAT  \\$a1805-0738$b00$c20181228$lBLL01$h1918
=CAT  \\$aW2001-2376$c20200626$lBLL01$h1829
=FIN  \\$aY$d20131128
=LKR  \\$aPAR$lBLL01$r776$b002996297$mA háború lelke /$nA háború lelke /
=DGM  \\$a002996297$bCatBridge variable field
=DRT  \\$aWW1
=SRC  \\$aWW1$bEuropeana_Collections_1914-1918_20131021_1
=OHC  \\$a1
=LAS  \\$aW2001-2376$b00$c20200626$lBLL01$h1829

