=LDR  02243 am a22004813  4500
=001  016553099
=003  Uk
=005  20200626182918.0
=007  cr\mn\024mpada
=008  900309s1927\\\\fr\\\\\\s\\\\\000\0aukr\\
=FMT  \\$a  BK
=019  x\$a2990440305
=040  \\$aUk$cUk
=100  1\$aSEVRYUK, Oleksander.
=245  10$aБерестейський мир 9-11-18.- Уривки зі споминів. (Додаток: І. Борщак.-"Література про Берестейський мир Центральної Ради.").
=246  1\$aBeresteĭskyĭ myr 9-11-18.
=264  \1$aParis,$c1927.
=300  \\$a15 pages ;$c(8º)
=336  \\$atext$2rdacontent
=337  \\$acomputer$2rdamedia
=338  \\$aonline$2rdacarrier
=611  20$aBrest-Litovsk Peace Conference$d(1917-1918)$vPersonal narratives, Ukrainian.
=650  \0$aWorld War, 1914-1918$zUkraine.
=651  \0$aUkraine$y20th century$xHistory.
=655  \4$aBook
=859  \\$aXLD$bWW1
=852  4\$cDRT$jDigital Store 08027.dd.78.$aBritish Library$bHMNTS
=985  \\$aCorrected by BSS-generated file for WR# 11/031
=985  \\$aCorrected by MS generated file for WR# 12.037
=985  \\$aCorrected by MS generated file for WR# 1805-0738
=CAT  \\$aBATCH-DCW$b00$c20131128$lBLL01$h0051
=CAT  \\$aWR14.046$c20140417$lBLL01$h1725
=CAT  \\$aWR13.144/5$c20140418$lBLL01$h1049
=CAT  \\$a1805-0738$c20181228$lBLL01$h1834
=CAT  \\$a1805-0738$b00$c20181228$lBLL01$h1918
=CAT  \\$aW2001-2376$c20200626$lBLL01$h1829
=FIN  \\$aY$d20131128
=LKR  \\$aPAR$lBLL01$r776$b003346039$mБерестейський мир 9-11-18.- Уривки зі споминів. (Додаток: І. Борщак.-"Література про Берестейський мир Центральної Ради.").$nБерестейський мир 9-11-18.- Уривки зі споминів. (Додаток: І. Борщак.-"Література про Берестейський мир Центральної Ради.").
=DGM  \\$a003346039$bCatBridge variable field
=DRT  \\$aWW1
=SRC  \\$aWW1$bEuropeana_Collections_1914-1918_20131021_1
=OHC  \\$a1
=LAS  \\$aW2001-2376$b00$c20200626$lBLL01$h1829

