=LDR  01754 am a22004693  4500
=001  016553100
=003  Uk
=005  20200626182918.0
=007  cr\mn\024mpada
=008  900522|1917||||enk\\\\|s\\\\\|||\||eng\\
=FMT  \\$a  BK
=019  x\$a3120380075
=040  \\$aUk$cUk
=100  1\$aSTEAD, Alfred,$cF.R.C.I.
=245  14$aThe Truth about Bulgaria ... Reprinted from "The English Review," etc.
=264  \1$a[London],$c[1917]
=300  \\$a8 pages ;$c(8º)
=336  \\$atext$2rdacontent
=337  \\$acomputer$2rdamedia
=338  \\$aonline$2rdacarrier
=650  \0$aWorld War, 1914-1918
=650  \0$aWorld War, 1914-1918$xMoral and ethical aspects
=655  \4$aPamphlet
=859  \\$aXLD$bWW1
=852  4\$cDRT$jDigital Store 08026.aaa.83.$aBritish Library$bHMNTS
=985  \\$aCorrected by BSS-generated file for WR# 11/211
=985  \\$aCorrected by MS generated file for WR# 12.037
=985  \\$aEnhanced by MS generated file for WR# 12/139
=985  \\$aCorrected by MS generated file for WR# 1805-0738
=CAT  \\$aBATCH-DCW$b00$c20131128$lBLL01$h0051
=CAT  \\$aWR14.046$c20140417$lBLL01$h1725
=CAT  \\$aWR13.144/5$c20140418$lBLL01$h1049
=CAT  \\$a1805-0738$c20181228$lBLL01$h1834
=CAT  \\$a1805-0738$b00$c20181228$lBLL01$h1918
=CAT  \\$aW2001-2376$c20200626$lBLL01$h1829
=FIN  \\$aY$d20131128
=LKR  \\$aPAR$lBLL01$r776$b003484470$mThe Truth about Bulgaria ... Reprinted from "The English Review," etc.$nThe Truth about Bulgaria ... Reprinted from "The English Review," etc.
=DGM  \\$a003484470$bCatBridge variable field
=DRT  \\$aWW1
=SRC  \\$aWW1$bEuropeana_Collections_1914-1918_20131021_1
=OHC  \\$a1
=LAS  \\$aW2001-2376$b00$c20200626$lBLL01$h1829

