=LDR  01694 am a22004573  4500
=001  016553101
=003  Uk
=005  20131128005131.0
=007  cr\mn\024mpada
=008  880629s1916\\\\ru\\\\\\s\\\\\000\0\rus\d
=FMT  \\$a  BK
=019  x\$a3170980025
=040  \\$aHMM$cHMM$dOCLCQ$dOCLCG$dUk
=100  1\$aSukhanov, N. N.$q(Nikolaĭ Nikolaevich),$d1882-1940.
=245  10$6880-01$aNashi li︠e︡vyi︠a︡ gruppy i voĭna /$cNik. Sukhanov.
=246  11$aNashi levye gruppy i voĭna.
=250  \\$a4. izd.
=260  \\$aPetrograd :$bE.M. Malakhovskīĭ,$c1916.
=300  \\$a108 p. ;$c20 cm.
=336  \\$atext$2rdacontent
=337  \\$acomputer$2rdamedia
=338  \\$aonline$2rdacarrier
=650  \0$aWorld War, 1914-1918$xPropaganda
=650  \0$aWorld War, 1914-1918$zRussia$xHistory.
=655  \4$aBook
=859  \\$aXLD$bWW1
=880  01$6245-10$aНаши лѣвыя группы и война /$cНик. Сухановъ.
=852  4\$cDRT$jDigital Store 08027.bb.39.$aBritish Library$bHMNTS
=985  \\$aCorrected by MS generated file for WR# 12.037
=CAT  \\$aBATCH-DCW$b00$c20131128$lBLL01$h0051
=CAT  \\$aWR14.046$c20140417$lBLL01$h1725
=CAT  \\$aWR13.144/5$c20140418$lBLL01$h1049
=CAT  \\$aBATCH-UPD$b00$c20150520$lBLL01$h1027
=CAT  \\$aBATCH-UPD$b00$c20160722$lBLL01$h2035
=FIN  \\$aY$d20131128
=LKR  \\$aPAR$lBLL01$r776$b003539951$mNashi li︠e︡vyi︠a︡ gruppy i voĭna /$nNashi li︠e︡vyi︠a︡ gruppy i voĭna /
=DGM  \\$a003539951$bCatBridge variable field
=DRT  \\$aWW1
=SRC  \\$aWW1$bEuropeana_Collections_1914-1918_20131021_1
=OHC  \\$a1
=LAS  \\$aBATCH-UPD$b00$c20160722$lBLL01$h2035

