=LDR  01789 am a22004933  4500
=001  016553102
=003  Uk
=005  20200626182918.0
=007  cr\mn\024mpada
=008  900814s1916\\\\au\\\\\\s\\\\\000\0\ukr\\
=FMT  \\$a  BK
=019  x\$a332116020X
=040  \\$aUk$cUk
=110  2\$aSoi︠u︡z vyzvolenni︠a︡ Ukraïny (UKRAINE)
=245  10$aЛисти з Нїмеччини /$c[By E. Levits'ky.]
=246  1\$aLysty z Nimechchyny
=264  \1$aВідень :$bНакладом 'Союза визволення України',$c1916.
=300  \\$a49 pages ;$c(8º)
=336  \\$atext$2rdacontent
=337  \\$acomputer$2rdamedia
=338  \\$aonline$2rdacarrier
=650  \0$aGermans
=650  \0$aUkrainian question
=651  \0$aGermany$xPolitics and government$y20th century.
=655  \4$aBook
=700  1\$aLEVITS'KY, Evhen.
=859  \\$aXLD$bWW1
=886  2\$2blmarc$a709$b00$aLEVITS'KY$hEvhen$p08026.c.50.$x1910870137
=852  4\$cDRT$jDigital Store 08026.c.50.$aBritish Library$bHMNTS
=985  \\$aCorrected by MS generated file for WR# 12.037
=985  \\$aCorrected by MS generated file for WR# 1805-0738
=CAT  \\$aBATCH-DCW$b00$c20131128$lBLL01$h0051
=CAT  \\$aWR14.046$c20140417$lBLL01$h1725
=CAT  \\$aWR13.144/5$c20140418$lBLL01$h1049
=CAT  \\$a1805-0738$c20181228$lBLL01$h1834
=CAT  \\$a1805-0738$b00$c20181228$lBLL01$h1918
=CAT  \\$aW2001-2376$c20200626$lBLL01$h1829
=FIN  \\$aY$d20131128
=LKR  \\$aPAR$lBLL01$r776$b003703538$mЛисти з Нїмеччини /$nЛисти з Нїмеччини /
=DGM  \\$a003703538$bCatBridge variable field
=DRT  \\$aWW1
=SRC  \\$aWW1$bEuropeana_Collections_1914-1918_20131021_1
=OHC  \\$a1
=LAS  \\$aW2001-2376$b00$c20200626$lBLL01$h1829

