=LDR  02386 am a22005533  4500
=001  016553103
=003  Uk
=005  20200626182918.0
=007  cr\mn\024mpada
=008  900814s1915\\\\au\\\\\\s\\\\\000\0\ukr\\
=FMT  \\$a  BK
=019  x\$a3321180243
=040  \\$aUk$cUk
=110  2\$aUkraïns'ka Partii︠a︡ Sotsialistiv-Revoli︠u︡tsioneriv (UKRAINE)
=245  10$a"Визвольні манїфести" російського уряду в теперішній війнї /$cНаписав М. Михайленко..
=246  1\$a"Vyzvolʹni manifesty" rosiĭsʹkoho uri︠a︡du v teperishniĭ viĭni
=264  \1$a[Vienna?] :$bНаклад і друк партійної друкарні,$c1915.
=300  \\$a29 pages ;$c(8º)
=336  \\$atext$2rdacontent
=337  \\$acomputer$2rdamedia
=338  \\$aonline$2rdacarrier
=500  \\$aM. Mykhaĭlenko - real name Mykhaĭlo Lozynsʹkyĭ.
=650  \0$aPolish question
=650  \0$aUkrainian question
=650  \0$aUkrainians
=650  \0$aWorld War, 1914-1918$xPropaganda.
=651  \0$aWorld War, 1914-1918$zRussia.
=655  \4$aBook
=700  1\$aLozynsʹkyĭ, Mykhaĭlo,$d1880-1937.
=859  \\$aXLD$bWW1
=886  2\$2blmarc$a709$b00$aMIKHAILENKO$hM.$p08026.c.49.$x2211680186
=852  4\$cDRT$jDigital Store 08026.c.49.$aBritish Library$bHMNTS
=985  \\$aCorrected by MS generated file for WR# 12.037
=985  \\$aCorrected by MS generated file for WR# 1805-0738
=CAT  \\$aBATCH-DCW$b00$c20131128$lBLL01$h0051
=CAT  \\$aWR14.046$c20140417$lBLL01$h1725
=CAT  \\$aWR13.144/5$c20140418$lBLL01$h1049
=CAT  \\$aBATCH-UPD$b00$c20160515$lBLL01$h2051
=CAT  \\$a1805-0738$c20181228$lBLL01$h1834
=CAT  \\$a1805-0738$b00$c20181228$lBLL01$h1918
=CAT  \\$aBATCH-UPD$b00$c20190503$lBLL01$h2034
=CAT  \\$aW2001-2376$c20200626$lBLL01$h1829
=FIN  \\$aY$d20131128
=LKR  \\$aPAR$lBLL01$r776$b003703592$m"Визвольні манїфести" російського уряду в теперішній війнї /$n"Визвольні манїфести" російського уряду в теперішній війнї /
=DGM  \\$a003703592$bCatBridge variable field
=DRT  \\$aWW1
=SRC  \\$aWW1$bEuropeana_Collections_1914-1918_20131021_1
=OHC  \\$a1
=LAS  \\$aW2001-2376$b00$c20200626$lBLL01$h1829

