=LDR  02206 am a2200481 a 4500
=001  016553104
=003  Uk
=005  20200626182918.0
=007  cr\mn\024mpada
=008  900820s1915\\\\au\a\\\\s\\\\\000\0\ger\\
=FMT  \\$a  BK
=019  x\$a3380660000
=040  \\$aUk$cUk$dUk
=100  1\$aVeltzé, Alois,$d1864-1927.
=245  10$aUnsere Soldaten :$bEpisoden aus den Kämpfen der österreichisch-ungarischen Armee im Weltkrieg 1914/15 /$cunter der Leitung der Geh. Rates, Generals der Infanterie Emil von Woinovich ... ; herausgegeben und redigiert von Oberstleutnant Alois Veltzé...
=264  \1$aWien :$bVerlag der Manzschen k.u.k. Hof-Verlags und Universitätsbuchhandlung,$c1915.
=300  \\$ax, 246 pages, 7 pages of plates :$billustrations ;$c25 cm, (8º)
=336  \\$atext$2rdacontent
=337  \\$acomputer$2rdamedia
=338  \\$aonline$2rdacarrier
=610  10$aAustro-Hungarian Monarchy.$bHeer$xMilitary life.
=650  \0$aWorld War, 1914-1918$vAnecdotes.
=655  \4$aBook
=700  1\$aWoinovich von Belobreska, Emil,$d1851-1927.
=859  \\$aXLD$bWW1
=886  2\$2blmarc$a709$b00$aWOINOVICH$hEmil von$p9082.g.16.$x3542070238
=852  4\$cDRT$jDigital Store 9082.g.16$aBritish Library$bHMNTS
=985  \\$aCorrected by BSS-generated file for WR# 11/048
=985  \\$aCorrected by MS generated file for WR# 12.037
=985  \\$aCorrected by MS generated file for WR# 1805-0738
=CAT  \\$aBATCH-DCW$b00$c20131128$lBLL01$h0051
=CAT  \\$aWR14.046$c20140417$lBLL01$h1725
=CAT  \\$aWR13.144/5$c20140418$lBLL01$h1049
=CAT  \\$a1805-0738$c20181228$lBLL01$h1834
=CAT  \\$a1805-0738$b00$c20181228$lBLL01$h1918
=CAT  \\$aW2001-2376$c20200626$lBLL01$h1829
=FIN  \\$aY$d20131128
=LKR  \\$aPAR$lBLL01$r776$b003769869$mUnsere Soldaten : Episoden aus den Kämpfen der österreichisch-ungarischen Armee im Weltkrieg 1914/15 /$nUnsere Soldaten : Episoden aus den Kämpfen der österreichisch-ungarischen Armee im Weltkrieg 1914/15 /
=DGM  \\$a003769869$bCatBridge variable field
=DRT  \\$aWW1
=SRC  \\$aWW1$bEuropeana_Collections_1914-1918_20131021_1
=OHC  \\$a1
=LAS  \\$aW2001-2376$b00$c20200626$lBLL01$h1829

