=LDR  02146 am a2200505 a 4500
=001  016553105
=003  Uk
=005  20200626182918.0
=007  cr\mn\024mpada
=008  901001s1919\\\\ne\b\\\\s\\\\\000\0\eng\\
=FMT  \\$a  BK
=019  x\$a3541170085
=040  \\$aUk$cUk$dUk
=100  1\$aWITTMANN, Ernő.
=240  12$aA nemzetiségek önrendelkezési jogának múltja és jövője.$lEnglish
=245  10$aPast and future of the right of national self-determination :$bwith two ethnographic maps of Hungary /$cErnő Wittmann ; translated by Charles Biddle.
=264  \1$aAmsterdam :$bVan Holkema,$c[1919]
=300  \\$a[4], 208 pages :$b2 colour maps (1 folded) ;$c22 cm, (8º)
=336  \\$atext$2rdacontent
=337  \\$acomputer$2rdamedia
=338  \\$aonline$2rdacarrier
=546  \\$aTranslated from Hungarian.
=650  \0$aSelf-determination, National.
=650  \0$aWorld War, 1914-1918$xTerritorial questions$zHungary.
=655  \4$aBook
=700  1\$aBIDDLE, Charles,$cB.A.
=859  \\$aXLD$bWW1
=886  2\$2blmarc$a709$b00$aBIDDLE$hCharles$fB.A.$p08007.e.11.$x0321020103
=852  4\$cDRT$jDigital Store 08007.e.11$aBritish Library$bHMNTS
=985  \\$aCorrected by BSS-generated file for WR# 11/211
=985  \\$aCorrected by MS generated file for WR# 12.037
=985  \\$aCorrected by MS generated file for WR# 1805-0738
=CAT  \\$aBATCH-DCW$b00$c20131128$lBLL01$h0051
=CAT  \\$aWR14.046$c20140417$lBLL01$h1725
=CAT  \\$aWR13.144/5$c20140418$lBLL01$h1049
=CAT  \\$a1805-0738$c20181228$lBLL01$h1834
=CAT  \\$a1805-0738$b00$c20181228$lBLL01$h1918
=CAT  \\$aW2001-2376$c20200626$lBLL01$h1829
=FIN  \\$aY$d20131128
=LKR  \\$aPAR$lBLL01$r776$b003959718$mPast and future of the right of national self-determination : with two ethnographic maps of Hungary /$nPast and future of the right of national self-determination : with two ethnographic maps of Hungary /
=DGM  \\$a003959718$bCatBridge variable field
=DRT  \\$aWW1
=SRC  \\$aWW1$bEuropeana_Collections_1914-1918_20131021_1
=OHC  \\$a1
=LAS  \\$aW2001-2376$b00$c20200626$lBLL01$h1829

