=LDR  01759 am a22004933  4500
=001  016553106
=003  Uk
=005  20201127183350.0
=007  cr\mn\024mpada
=008  940202|1916||||ii\\\\\|s\\\\\|||\||eng\\
=FMT  \\$a  BK
=019  x\$a2500800180
=040  \\$aUk$cUk
=100  1\$aPeal, Fred.
=245  10$aWar Jottings.
=264  \1$aCalcutta,$c1916, etc.
=300  \\$c(8º)
=336  \\$atext$2rdacontent
=337  \\$acomputer$2rdamedia
=338  \\$aonline$2rdacarrier
=650  \0$aWorld War, 1914-1918$xCampaigns$zFrance$xPersonal narratives, English.
=859  \\$aXLD$bWW1
=883  0\$aLanguage codes assigned by Bayesian analysis of words present in record$d20201028$qUk$c0.9010
=852  4\$aBritish Library$bOC$cDRT$jDigital Store T 35098
=985  \\$aCorrected by MS generated file for WR# 12.037
=985  \\$aCorrected by MS generated file for WR# 1805-0738
=985  \\$aUpgraded by BSS-generated file for WR2011-1472
=CAT  \\$aBATCH-DCW$b00$c20131128$lBLL01$h0101
=CAT  \\$aWR14.046$c20140417$lBLL01$h1725
=CAT  \\$aWR13.144/5$c20140418$lBLL01$h1049
=CAT  \\$aBATCH-RIGH$c20170607$lBLL01$h1816
=CAT  \\$aR1706-1834$c20170629$lBLL01$h1227
=CAT  \\$a1805-0738$c20181228$lBLL01$h1834
=CAT  \\$a1805-0738$b00$c20181228$lBLL01$h1918
=CAT  \\$aBATCH-UPD$b00$c20191025$lBLL01$h1726
=CAT  \\$aW2001-2376$c20200626$lBLL01$h1829
=CAT  \\$aW2011-1472$b00$c20201127$lBLL01$h1833
=FIN  \\$aY$d20131128
=LKR  \\$aPAR$lBLL01$r776$b002803538$mWar Jottings.$nWar Jottings.
=DGM  \\$a002803538$bCatBridge variable field
=DRT  \\$aWW1
=SRC  \\$aWW1$bEuropeana_Collections_1914-1918_20131022_1
=OHC  \\$a4
=LAS  \\$aW2011-1472$b00$c20201127$lBLL01$h1833

