=LDR  01720 am a2200457 a 4500
=001  016553107
=003  Uk
=005  20200626182918.0
=007  cr\mn\024mpada
=008  880225s1924\\\\ohubd\\\s\\\\\001\0\eng\\
=FMT  \\$a  BK
=019  x\$a033027001X
=040  \\$aUk$cUk$dUk
=100  1\$aBirinyi, Louis Kossuth,$d1886-1941.
=245  14$aThe tragedy of Hungary :$ban appeal for world peace$cby Louis K. Birinyi.
=264  \1$aCleveland, Oh :$bthe Author ;$bEvangelical Press,$cc1924.
=300  \\$a346 pages :$bcharts, maps ;$c23 cm, (8º)
=336  \\$atext$2rdacontent
=337  \\$acomputer$2rdamedia
=338  \\$aonline$2rdacarrier
=650  \0$aWorld War, 1914-1918$xTerritorial questions$zHungary.
=651  \0$aHungary$xHistory.
=655  \4$aBook
=859  \\$aXLD$bWW1
=852  4\$cDRT$jDigital Store 09314.e.28$aBritish Library$bHMNTS
=985  \\$aCorrected by BSS-generated file for WR# 11/211
=985  \\$aCorrected by MS generated file for WR# 12.037
=985  \\$aCorrected by MS generated file for WR# 1805-0738
=CAT  \\$aBATCH-DCW$b00$c20131128$lBLL01$h0101
=CAT  \\$aWR14.046$c20140417$lBLL01$h1725
=CAT  \\$aWR13.144/5$c20140418$lBLL01$h1049
=CAT  \\$a1805-0738$c20181228$lBLL01$h1834
=CAT  \\$a1805-0738$b00$c20181228$lBLL01$h1918
=CAT  \\$aW2001-2376$c20200626$lBLL01$h1829
=FIN  \\$aY$d20131128
=LKR  \\$aPAR$lBLL01$r776$b000356740$mThe tragedy of Hungary : an appeal for world peace$nThe tragedy of Hungary : an appeal for world peace
=DGM  \\$a000356740$bCatBridge variable field
=DRT  \\$aWW1
=SRC  \\$aWW1$bEuropeana_Collections_1914-1918_20131022_1
=OHC  \\$a1
=LAS  \\$aW2001-2376$b00$c20200626$lBLL01$h1829

