=LDR  02114cam a2200517 a 4500
=001  016553108
=003  Uk
=005  20200626182918.0
=007  cr\mn\024mpada
=008  880412s1922\\\\fr\abd\\s\\\\\000\0\fre\\
=FMT  \\$a  BK
=019  x\$a0462790282
=040  \\$aUk$cUk$dUk
=100  1\$aBuday, László,$d1873-1925.
=240  12$aA megcsonkított Magyarország.$lFrench
=245  13$aLa Hongrie après le Traité de Trianon :$b36 graphiques, 34 photographies /$cLadislas Buday.
=264  \1$aParis :$bGeorges Roustan,$c1922.
=300  \\$avii, [1], 297, 1 l :$billustrations, charts, maps ;$c17 cm, (8º)
=336  \\$atext$2rdacontent
=337  \\$acomputer$2rdamedia
=338  \\$aonline$2rdacarrier
=500  \\$aPrinted in Hungary.
=500  \\$aPublished also in English under title: Dismembered Hungary.
=546  \\$aTranslated from Hungarian.
=610  20$aAllied and Associated Powers (1914-1920).$tTreaties, etc.$gHungary,$d1920 June 4.
=650  \0$aWorld War, 1914-1918$xTerritorial questions$zHungary.
=651  \0$aHungary$xEconomic conditions$y1918-1945.
=655  \4$aBook
=859  \\$aXLD$bWW1
=852  4\$cDRT$jDigital Store 09315.de.14$aBritish Library$bHMNTS
=985  \\$aCorrected by MS generated file for WR# 12.037
=985  \\$aCorrected by MS generated file for WR# 1805-0738
=CAT  \\$aBATCH-DCW$b00$c20131128$lBLL01$h0101
=CAT  \\$aWR14.046$c20140417$lBLL01$h1725
=CAT  \\$aWR13.144/5$c20140418$lBLL01$h1049
=CAT  \\$a1805-0738$c20181228$lBLL01$h1834
=CAT  \\$a1805-0738$b00$c20181228$lBLL01$h1918
=CAT  \\$aW2001-2376$c20200626$lBLL01$h1829
=CAT  \\$aBATCH-UPD$b00$c20220427$lBLL01$h2034
=FIN  \\$aY$d20131128
=LKR  \\$aPAR$lBLL01$r776$b000518169$mLa Hongrie après le Traité de Trianon : 36 graphiques, 34 photographies /$nLa Hongrie après le Traité de Trianon : 36 graphiques, 34 photographies /
=DGM  \\$a000518169$bCatBridge variable field
=DRT  \\$aWW1
=SRC  \\$aWW1$bEuropeana_Collections_1914-1918_20131022_1
=OHC  \\$a1
=LAS  \\$aBATCH-UPD$b00$c20220427$lBLL01$h2034

