=LDR  02233 am a22005293  4500
=001  016553109
=003  Uk
=005  20200626182918.0
=007  cr\mn\024mpada
=008  880330|1917||||enk\\\\|s\\\\\|||\||eng\\
=FMT  \\$a  BK
=019  x\$a0684270250
=040  \\$aUk$cUk
=100  1\$aCONWAY, afterwards HORSFIELD, Agnes Ethel,$cHon.
=245  12$aA Ride through the Balkans. On classic ground with a camera ... With introduction by Sir Martin Conway.
=264  \1$aLondon :$bRobert Scott,$c1917.
=300  \\$a204 pages ;$c(8º)
=336  \\$atext$2rdacontent
=337  \\$acomputer$2rdamedia
=338  \\$aonline$2rdacarrier
=650  \0$aWorld War, 1914-1918$vPersonal narratives
=650  \0$aWorld War, 1914-1918$xCampaigns$zBalkan Peninsula
=655  \4$aBook
=700  1\$aConway, William Martin,$cSir,$d1856-1937.
=859  \\$aXLD$bWW1
=886  2\$2blmarc$a709$b00$aCONWAY$hWilliam Martin$fBaron Conway of Allington$p10127.df.1.$x0684410168
=852  4\$cDRT$jDigital Store 10127.df.1.$aBritish Library$bHMNTS
=985  \\$aCorrected by BSS-generated file
=985  \\$aCorrected by BSS-generated file for WR# 11/048
=985  \\$aCorrected by MS generated file for WR# 12.037
=985  \\$aEnhanced by MS generated file for WR# 12/139
=985  \\$aEnhanced by MS generated file for WR# 13/021
=985  \\$aEnhanced by MS generated file for WR# 13/054
=985  \\$aCorrected by MS generated file for WR# 1805-0738
=CAT  \\$aBATCH-DCW$b00$c20131128$lBLL01$h0101
=CAT  \\$aWR14.046$c20140417$lBLL01$h1725
=CAT  \\$aWR13.144/5$c20140418$lBLL01$h1049
=CAT  \\$a1805-0738$c20181228$lBLL01$h1834
=CAT  \\$a1805-0738$b00$c20181228$lBLL01$h1918
=CAT  \\$aW2001-2376$c20200626$lBLL01$h1829
=FIN  \\$aY$d20131128
=LKR  \\$aPAR$lBLL01$r776$b000771098$mA Ride through the Balkans. On classic ground with a camera ... With introduction by Sir Martin Conway.$nA Ride through the Balkans. On classic ground with a camera ... With introduction by Sir Martin Conway.
=DGM  \\$a000771098$bCatBridge variable field
=DRT  \\$aWW1
=SRC  \\$aWW1$bEuropeana_Collections_1914-1918_20131022_1
=OHC  \\$a1
=LAS  \\$aW2001-2376$b00$c20200626$lBLL01$h1829

