=LDR  02284 am a22005173  4500
=001  016553110
=003  Uk
=005  20200626182918.0
=007  cr\mn\024mpada
=008  880718|1920||||ie\\\\\|s\\\\o|||\||eng\\
=FMT  \\$a  BK
=019  x\$a0970340222
=040  \\$aUk$cUk
=110  1\$aGreat Britain.$bArmy.$bInfantry.$bRegiments.$bRoyal Inniskilling Fusiliers.
=245  14$aThe Book of the Seventh Service Battalion, the Royal Inniskilling Fusiliers, from Tipperary to Ypres. By G. A. Cooper Walker. [With plates, including portraits.]
=264  \1$aDublin :$bBrindley & Son,$c[1920]
=300  \\$axvi, 141 pages ;$c(8º)
=336  \\$atext$2rdacontent
=337  \\$acomputer$2rdamedia
=338  \\$aonline$2rdacarrier
=500  \\$aPrinted for private circulation.
=650  \0$aRegimental histories
=655  \4$aBook
=700  1\$aWALKER, G. A. Cooper.
=859  \\$aXLD$bWW1
=886  2\$2blmarc$a709$b00$aWALKER$hG. A. Cooper$p8839.g.19.$x3435050152
=852  4\$cDRT$jDigital Store 8839.g.19.$aBritish Library$bHMNTS
=985  \\$aCorrected by BSS-generated file for WR# 08/145
=985  \\$aCorrected by BSS-generated file for WR# 11/211
=985  \\$aEnhanced by MS generated file for WR# 12/139
=985  \\$aCorrected by MS generated file for WR# 1805-0738
=CAT  \\$aBATCH-DCW$b00$c20131128$lBLL01$h0101
=CAT  \\$aWR14.046$c20140417$lBLL01$h1725
=CAT  \\$aWR13.144/5$c20140418$lBLL01$h1049
=CAT  \\$aBATCH-RIGH$c20170607$lBLL01$h1816
=CAT  \\$aR1706-1834$c20170629$lBLL01$h1227
=CAT  \\$a1805-0738$c20181228$lBLL01$h1834
=CAT  \\$a1805-0738$b00$c20181228$lBLL01$h1918
=CAT  \\$aW2001-2376$c20200626$lBLL01$h1829
=FIN  \\$aY$d20131128
=LKR  \\$aPAR$lBLL01$r776$b001097166$mThe Book of the Seventh Service Battalion, the Royal Inniskilling Fusiliers, from Tipperary to Ypres. By G. A. Cooper Walker. [With plates, including portraits.]$nThe Book of the Seventh Service Battalion, the Royal Inniskilling Fusiliers, from Tipperary to Ypres. By G. A. Cooper Walker. [With plates, including portraits.]
=DGM  \\$a001097166$bCatBridge variable field
=DRT  \\$aWW1
=SRC  \\$aWW1$bEuropeana_Collections_1914-1918_20131022_1
=OHC  \\$a1
=LAS  \\$aW2001-2376$b00$c20200626$lBLL01$h1829

