=LDR  01817 am a22004333  4500
=001  016553111
=003  Uk
=005  20131128010123.0
=007  cr\mn\024mpada
=008  101129s1915\\\\ru\|||||s||||||||\||rus|\
=FMT  \\$a  BK
=019  x\$a1280240296
=040  \\$aDLC$cDLC$dDLC$dUk
=100  1\$aGolikov, V. M.$q(Vladimīr Mitrofanovich),$d1875-
=245  10$6880-01$aPi︠e︡sni o ni︠e︡mt︠s︡akh i turkakh :$bv tylu /$cV. M. Golikov.
=246  00$aPesni o nemt︠s︡akh i turkakh :$bv tylu.
=260  \\$aPetrograd :$bizd. sostoi︠a︡shchago pod vysochaĭshim ego imperatorskago velichestva gosudari︠a︡ imperatora pokrovitelʹstvom skobelevskago komiteta,$c1915.
=300  \\$a157 p. ;$c18 cm.
=336  \\$atext$2rdacontent
=337  \\$acomputer$2rdamedia
=338  \\$aonline$2rdacarrier
=500  \\$aPart 1: Pesni o nemt︠s︡akh i turkakh; Part 2:V tylu.
=653  0\$aRussian poetry;$aEuropean War, 1914-1918
=655  \4$aBook
=859  \\$aXLD$bWW1
=880  01$6245-10$aПѣсни о Нѣмцахъ и Туркахъ :$bВъ тылу /$cВ.М. Голиковъ.
=852  4\$cDRT$jDigital Store 11586.bb.46.$aBritish Library$bHMNTS
=985  \\$aCorrected by MS generated file for WR# 12.037
=985  \\$aRecord amended for WR# 13/070
=CAT  \\$aBATCH-DCW$b00$c20131128$lBLL01$h0101
=CAT  \\$aWR14.046$c20140417$lBLL01$h1725
=CAT  \\$aWR13.144/5$c20140418$lBLL01$h1049
=FIN  \\$aY$d20131128
=LKR  \\$aPAR$lBLL01$r776$b001455515$mPi︠e︡sni o ni︠e︡mt︠s︡akh i turkakh : v tylu /$nPi︠e︡sni o ni︠e︡mt︠s︡akh i turkakh : v tylu /
=DGM  \\$a001455515$bCatBridge variable field
=DRT  \\$aWW1
=SRC  \\$aWW1$bEuropeana_Collections_1914-1918_20131022_1
=OHC  \\$a1
=LAS  \\$aWR13.144/5$b00$c20140418$lBLL01$h1049

