=LDR  01613 am a22004453  4500
=001  016553113
=003  Uk
=005  20200626182918.0
=007  cr\mn\024mpada
=008  881212s1915\\\\au\\\\\\s\\\\\000\0\ger\\
=FMT  \\$a  BK
=019  x\$a1541670272
=040  \\$aUk$cUk
=100  1\$aHrushevsʹkyĭ, Mykhaĭlo,$d1866-1934.
=245  14$aDie ukrainische Frage in historischer Entwicklung /$cvon Michael Hruschewskyi.
=264  \1$aWien :$bVerlag des Bundes zur Befreiung der Ukraina,$c1915.
=300  \\$a52 pages ;$c(8º)
=336  \\$atext$2rdacontent
=337  \\$acomputer$2rdamedia
=338  \\$aonline$2rdacarrier
=650  \0$aUkrainian question
=651  \0$aUkraine$xHistory.
=655  \4$aBook
=859  \\$aXLD$bWW1
=852  4\$cDRT$jDigital Store 8095.ff.30.(3.)$aBritish Library$bHMNTS
=985  \\$aCorrected by MS generated file for WR# 12.037
=985  \\$aCorrected by MS generated file for WR# 1805-0738
=CAT  \\$aBATCH-DCW$b00$c20131128$lBLL01$h0101
=CAT  \\$aWR14.046$c20140417$lBLL01$h1725
=CAT  \\$aWR13.144/5$c20140418$lBLL01$h1049
=CAT  \\$a1805-0738$c20181228$lBLL01$h1834
=CAT  \\$a1805-0738$b00$c20181228$lBLL01$h1918
=CAT  \\$aW2001-2376$c20200626$lBLL01$h1829
=FIN  \\$aY$d20131128
=LKR  \\$aPAR$lBLL01$r776$b001751815$mDie ukrainische Frage in historischer Entwicklung /$nDie ukrainische Frage in historischer Entwicklung /
=DGM  \\$a001751815$bCatBridge variable field
=DRT  \\$aWW1
=SRC  \\$aWW1$bEuropeana_Collections_1914-1918_20131022_1
=OHC  \\$a1
=LAS  \\$aW2001-2376$b00$c20200626$lBLL01$h1829

