=LDR  01550 am a2200409 a 4500
=001  016553114
=003  Uk
=005  20131128010123.0
=007  cr\mn\024mpada
=008  890127s1917\\\\hu\\\\\\s\\\\\000\h\hun\\
=FMT  \\$a  BK
=019  x\$a1710970081
=040  \\$aUk$cUk$dUk
=100  1\$aKarinthy, Frigyes,$d1887-1938.
=245  10$aIgy láttátok ti :$ba háborus irodalom karrikaturája /$cKarinthy Frigyes.
=246  3\$aÍgy láttátok ti :$ba háborús irodalom karikatúrája
=260  \\$aBudapest :$bDick Manó kiadása,$c1917.
=300  \\$a212 p. ;$c18 cm.
=336  \\$atext$2rdacontent
=337  \\$acomputer$2rdamedia
=338  \\$aonline$2rdacarrier
=650  \0$aWar in literature$vParodies, imitations, etc.
=650  \0$aWorld War, 1914-1918$xLiterature and the war$vParodies, imitations, etc.
=655  \4$aBook
=859  \\$aXLD$bWW1
=852  4\$cDRT$jDigital Store 012316.de.9$aBritish Library$bHMNTS
=985  \\$aCorrected by MS generated file for WR# 12.037
=CAT  \\$aBATCH-DCW$b00$c20131128$lBLL01$h0101
=CAT  \\$aWR14.046$c20140417$lBLL01$h1725
=CAT  \\$aWR13.144/5$c20140418$lBLL01$h1049
=FIN  \\$aY$d20131128
=LKR  \\$aPAR$lBLL01$r776$b001929268$mIgy láttátok ti : a háborus irodalom karrikaturája /$nIgy láttátok ti : a háborus irodalom karrikaturája /
=DGM  \\$a001929268$bCatBridge variable field
=DRT  \\$aWW1
=SRC  \\$aWW1$bEuropeana_Collections_1914-1918_20131022_1
=OHC  \\$a1
=LAS  \\$aWR13.144/5$b00$c20140418$lBLL01$h1049

