=LDR  01934 am a22004333  4500
=001  016553115
=003  Uk
=005  20131128010123.0
=007  cr\mn\024mpada
=008  890317|1920||||pl\\\\\|s\\\\\|||\||pol\\
=FMT  \\$a  BK
=019  x\$a1803570113
=040  \\$aUk$cUk
=100  1\$aKUMANIECKI, Kazimierz Władysław.
=245  10$aZbiór najważniejszych dokumentów do powstania Państwa Polskiego. Odezwy, memoryały, proklamacye ... na tle rozwoju historycznych wypadków 1912-1919 r.
=260  \\$aKraków ;$aWarszawa :$bnakładem Księgarni J. Czerneckiego,$c1920.
=300  \\$a186 p. ;$c23 cm.
=336  \\$atext$2rdacontent
=337  \\$acomputer$2rdamedia
=338  \\$aonline$2rdacarrier
=650  \0$aWorld War, 1914-1918$zPoland
=655  \4$aOfficial document
=859  \\$aXLD$bWW1
=852  4\$cDRT$jDigital Store X.809/21791.$aBritish Library$bHMNTS
=985  \\$aCorrected by BSS-generated file for WR# 10/172
=985  \\$aCorrected by MS generated file for WR# 12.037
=985  \\$aEnhanced by MS generated file for WR# 12/139
=985  \\$aEnhanced by MS generated file for WR# 13/021
=985  \\$aEnhanced by MS generated file for WR# 13/054
=CAT  \\$aBATCH-DCW$b00$c20131128$lBLL01$h0101
=CAT  \\$aWR14.046$c20140417$lBLL01$h1725
=CAT  \\$aWR13.144/5$c20140418$lBLL01$h1049
=FIN  \\$aY$d20131128
=LKR  \\$aPAR$lBLL01$r776$b002034109$mZbiór najważniejszych dokumentów do powstania Państwa Polskiego. Odezwy, memoryały, proklamacye ... na tle rozwoju historycznych wypadków 1912-1919 r.$nZbiór najważniejszych dokumentów do powstania Państwa Polskiego. Odezwy, memoryały, proklamacye ... na tle rozwoju historycznych wypadków 1912-1919 r.
=DGM  \\$a002034109$bCatBridge variable field
=DRT  \\$aWW1
=SRC  \\$aWW1$bEuropeana_Collections_1914-1918_20131022_1
=OHC  \\$a1
=LAS  \\$aWR13.144/5$b00$c20140418$lBLL01$h1049

