=LDR  02525 am a22005173  4500
=001  016553116
=003  Uk
=005  20200626182918.0
=007  cr\mn\024mpada
=008  890524s1916\\\\un\a\\\\s\\\\\000\1\ukr\\
=FMT  \\$a  BK
=019  x\$a189393022X
=040  \\$aUk$cUk
=110  2\$aTovarystvo "Prosvi︠e︡ta," afterwards Tovarystvo "Pros'vita," u L'vovi (LEOPOL)
=245  10$aЗ крівавого шляху Українських Сїчових Стрільцїв :$bІлюстрована збірка оповідань і описів /$cЗредагував др. Осип Назарук..
=246  1\$aZ krivavoho shli︠a︡khu Ukraïnsʹkykh Sichovykh Strilʹt︠s︡iv
=264  \1$aу Львові :$bКоштом і заходом Товариства 'Просьвіта',$c1916.
=300  \\$a79 pages :$bills, portraits, photos ;$c(8º)
=336  \\$atext$2rdacontent
=337  \\$acomputer$2rdamedia
=338  \\$aonline$2rdacarrier
=610  10$aAustro-Hungarian Monarchy.$bHeer.
=610  20$aUkraïnsʹki sichovi strilʹt︠s︡i.
=650  \0$aWorld War, 1914-1918$xRegimental histories$zAustria.
=650  \0$aWorld War, 1914-1918$xRegimental histories$zUkraine
=650  \0$aWorld War, 1914-1918$zUkraine, Western.
=655  \4$aBook
=700  1\$aNazaruk, Osyp,$d1883-1940.
=859  \\$aXLD$bWW1
=886  2\$2blmarc$a709$b00$aNAZARUK$hOsip$pAc.765.b/4.$x2330560087
=852  4\$cDRT$jDigital Store Ac.765.b/4.$aBritish Library$bHMNTS
=985  \\$aCorrected by MS generated file for WR# 12.037
=985  \\$aCorrected by MS generated file for WR# 1805-0738
=CAT  \\$aBATCH-DCW$b00$c20131128$lBLL01$h0101
=CAT  \\$aWR14.046$c20140417$lBLL01$h1725
=CAT  \\$aWR13.144/5$c20140418$lBLL01$h1049
=CAT  \\$a1805-0738$c20181228$lBLL01$h1834
=CAT  \\$a1805-0738$b00$c20181228$lBLL01$h1918
=CAT  \\$aW2001-2376$c20200626$lBLL01$h1829
=FIN  \\$aY$d20131128
=LKR  \\$aPAR$lBLL01$r776$b002136798$mЗ крівавого шляху Українських Сїчових Стрільцїв : Ілюстрована збірка оповідань і описів /$nЗ крівавого шляху Українських Сїчових Стрільцїв : Ілюстрована збірка оповідань і описів /
=DGM  \\$a002136798$bCatBridge variable field
=DRT  \\$aWW1
=SRC  \\$aWW1$bEuropeana_Collections_1914-1918_20131022_1
=OHC  \\$a1
=LAS  \\$aW2001-2376$b00$c20200626$lBLL01$h1829

