=LDR  01947 am a22004813  4500
=001  016553118
=003  Uk
=005  20200626182918.0
=007  cr\mn\024mpada
=008  890621|1914||||xxu\\\\|s\\\\\|||\||eng\\
=FMT  \\$a  BK
=019  x\$a2250510016
=040  \\$aUk$cUk
=100  1\$aMONROE, Will Seymour.
=245  10$aBulgaria and her people. With an account of the Balkan Wars, Macedonia and the Macedonian Bulgars ... Illustrated.
=264  \1$aBoston [Mass.] :$bPage Co,$c1914.
=300  \\$axxi, 410 pages ;$c(8º)
=336  \\$atext$2rdacontent
=337  \\$acomputer$2rdamedia
=338  \\$aonline$2rdacarrier
=650  \0$aWorld War, 1914-1918
=650  \0$aWorld War, 1914-1918$xMoral and ethical aspects
=655  \4$aBook
=859  \\$aXLD$bWW1
=852  4\$cDRT$jDigital Store 10126.d.17.$aBritish Library$bHMNTS
=985  \\$aCorrected by MS generated file for WR# 12.037
=985  \\$aEnhanced by MS generated file for WR# 12/139
=985  \\$aEnhanced by MS generated file for WR# 13/021
=985  \\$aEnhanced by MS generated file for WR# 13/054
=985  \\$aCorrected by MS generated file for WR# 1805-0738
=CAT  \\$aBATCH-DCW$b00$c20131128$lBLL01$h0101
=CAT  \\$aWR14.046$c20140417$lBLL01$h1725
=CAT  \\$aWR13.144/5$c20140418$lBLL01$h1049
=CAT  \\$a1805-0738$c20181228$lBLL01$h1834
=CAT  \\$a1805-0738$b00$c20181228$lBLL01$h1918
=CAT  \\$aW2001-2376$c20200626$lBLL01$h1829
=FIN  \\$aY$d20131128
=LKR  \\$aPAR$lBLL01$r776$b002528874$mBulgaria and her people. With an account of the Balkan Wars, Macedonia and the Macedonian Bulgars ... Illustrated.$nBulgaria and her people. With an account of the Balkan Wars, Macedonia and the Macedonian Bulgars ... Illustrated.
=DGM  \\$a002528874$bCatBridge variable field
=DRT  \\$aWW1
=SRC  \\$aWW1$bEuropeana_Collections_1914-1918_20131022_1
=OHC  \\$a1
=LAS  \\$aW2001-2376$b00$c20200626$lBLL01$h1829

