=LDR  02223 am a22005173  4500
=001  016553119
=003  Uk
=005  20200626182918.0
=007  cr\mn\024mpada
=008  891010|1915||||pl\\\\\|s\\\\||||\||pol\\
=FMT  \\$a  BK
=019  x\$a2503810160
=040  \\$aUk$cUk
=245  10$aZapiski porucznika Pększyca-Grudzińskiego. Opracował Juliusz Kaden Bandrowski. [With illustrations, including portraits.]
=264  \1$aKraków :$bNakładem Centralnego Biura Wydawnictw N.K.N.,$c1915.
=300  \\$a31 pages ;$c(8º)
=336  \\$atext$2rdacontent
=337  \\$acomputer$2rdamedia
=338  \\$aonline$2rdacarrier
=650  \0$aWorld War, 1914-1918$vPersonal narratives
=650  \0$aWorld War, 1914-1918$zPoland
=655  \4$aBook
=700  1\$aKaden-Bandrowski, Juliusz,$d1885-1944.
=720  \\$aPĘKSZYC-GRUDZIŃSKI, Lieutenant$emain entry
=859  \\$aXLD$bWW1
=886  2\$2blmarc$a709$b00$aKADEN-BANDROWSKI$hJuliusz$pX.639/1502.$x1700440187
=852  4\$cDRT$jDigital Store X.639/1502.$aBritish Library$bHMNTS
=985  \\$aCorrected by MS generated file for WR# 12.037
=985  \\$aEnhanced by MS generated file for WR# 12/139
=985  \\$aEnhanced by MS generated file for WR# 13/021
=985  \\$aEnhanced by MS generated file for WR# 13/054
=985  \\$aCorrected by MS generated file for WR# 1805-0738
=CAT  \\$aBATCH-DCW$b00$c20131128$lBLL01$h0101
=CAT  \\$aWR14.046$c20140417$lBLL01$h1725
=CAT  \\$aWR13.144/5$c20140418$lBLL01$h1049
=CAT  \\$a7416$b40$c20161221$lBLL01$h1042
=CAT  \\$a1805-0738$c20181228$lBLL01$h1834
=CAT  \\$a1805-0738$b00$c20181228$lBLL01$h1918
=CAT  \\$aW2001-2376$c20200626$lBLL01$h1829
=FIN  \\$aY$d20131128
=LKR  \\$aPAR$lBLL01$r776$b002810785$mZapiski porucznika Pększyca-Grudzińskiego. Opracował Juliusz Kaden Bandrowski. [With illustrations, including portraits.]$nZapiski porucznika Pększyca-Grudzińskiego. Opracował Juliusz Kaden Bandrowski. [With illustrations, including portraits.]
=DGM  \\$a002810785$bCatBridge variable field
=DRT  \\$aWW1
=SRC  \\$aWW1$bEuropeana_Collections_1914-1918_20131022_1
=OHC  \\$a1
=LAS  \\$aW2001-2376$b00$c20200626$lBLL01$h1829

