=LDR  01616 am a22004213  4500
=001  016553122
=003  Uk
=005  20131128010124.0
=007  cr\mn\024mpada
=008  981014s1931\\\\pl\\\\\\s\\\\\000\0\pol\\
=FMT  \\$a  BK
=019  x\$a2850710180
=040  \\$aUk$cUk
=110  1\$aRussia [Union of Soviet Socialist Republics]
=240  10$aTreaties. II. Single Treaties
=245  10$aTraktat pokoju między Polską a Rosja i Ukrainą podpisany w Rydze dnia 18 marca 1921 r.
=336  \\$atext$2rdacontent
=337  \\$acomputer$2rdamedia
=338  \\$aonline$2rdacarrier
=580  \\$aIn: Dąbski (J.) Pokój Ryski, etc. 1931. 8º.
=611  00$aRiga, Treaty of, 1921
=651  \0$aPoland$y20th century$xHistory.
=651  \0$aRussia (Federation)$y20th century$xHistory.
=651  \0$aUkraine$y20th century$xHistory.
=655  \4$aBook
=859  \\$aXLD$bWW1
=852  4\$cDRT$jDigital Store 09456.f.7.$aBritish Library$bHMNTS
=985  \\$aCorrected by MS generated file for WR# 12.037
=CAT  \\$aBATCH-DCW$b00$c20131128$lBLL01$h0101
=CAT  \\$aWR14.046$c20140417$lBLL01$h1725
=CAT  \\$aWR13.144/5$c20140418$lBLL01$h1049
=FIN  \\$aY$d20131128
=LKR  \\$aPAR$lBLL01$r776$b003196731$mTraktat pokoju między Polską a Rosja i Ukrainą podpisany w Rydze dnia 18 marca 1921 r.$nTraktat pokoju między Polską a Rosja i Ukrainą podpisany w Rydze dnia 18 marca 1921 r.
=DGM  \\$a003196731$bCatBridge variable field
=DRT  \\$aWW1
=SRC  \\$aWW1$bEuropeana_Collections_1914-1918_20131022_1
=OHC  \\$a1
=LAS  \\$aWR13.144/5$b00$c20140418$lBLL01$h1049

