=LDR  02144 am a22004933  4500
=001  016553124
=003  Uk
=005  20200626182918.0
=007  cr\mn\024mpada
=008  900618s1915\\\\au\\\\\\s\\\\\000\0\ukr\\
=FMT  \\$a  BK
=019  x\$a3222630194
=040  \\$aUk$cUk
=100  1\$aTEMNITS'KY, Volodimir.
=245  10$aУкраїнські сїчові стрільцї :$bДумки й уваги з приводу укр. мілїтарного руху..
=246  1\$aUkraïnsʹki sichovi strilʹt︠s︡i
=264  \1$aВідень :$bЗ друкарні Ад. Гольгавзена у Відні,$c1915.
=300  \\$a40 pages ;$c(8º)
=336  \\$atext$2rdacontent
=337  \\$acomputer$2rdamedia
=338  \\$aonline$2rdacarrier
=500  \\$aOn t.p.: "Nakladom "Soi︠u︡za Vyzvolenni︠a︡ Ukraïny"
=610  20$aUkraïnsʹki sichovi strilʹt︠s︡i.
=650  \0$aWorld War, 1914-1918$zUkraine$xRegimental histories.
=651  \0$aUkraine$xHistory, Military.
=655  \4$aBook
=710  2\$aSoi︠u︡z vyzvolenni︠a︡ Ukraïny.
=859  \\$aXLD$bWW1
=852  4\$cDRT$jDigital Store 8095.ee.11.(3.)$aBritish Library$bHMNTS
=985  \\$aCorrected by MS generated file for WR# 12.037
=985  \\$aCorrected by MS generated file for WR# 1805-0738
=CAT  \\$aBATCH-DCW$b00$c20131128$lBLL01$h0101
=CAT  \\$aWR14.046$c20140417$lBLL01$h1725
=CAT  \\$aWR13.144/5$c20140418$lBLL01$h1049
=CAT  \\$a1805-0738$c20181228$lBLL01$h1834
=CAT  \\$a1805-0738$b00$c20181228$lBLL01$h1918
=CAT  \\$aW2001-2376$c20200626$lBLL01$h1829
=FIN  \\$aY$d20131128
=LKR  \\$aPAR$lBLL01$r776$b003596299$mУкраїнські сїчові стрільцї : Думки й уваги з приводу укр. мілїтарного руху..$nУкраїнські сїчові стрільцї : Думки й уваги з приводу укр. мілїтарного руху..
=DGM  \\$a003596299$bCatBridge variable field
=DRT  \\$aWW1
=SRC  \\$aWW1$bEuropeana_Collections_1914-1918_20131022_1
=OHC  \\$a1
=LAS  \\$aW2001-2376$b00$c20200626$lBLL01$h1829

