=LDR  02469 am a22005173  4500
=001  016553125
=003  Uk
=005  20200626182918.0
=007  cr\mn\024mpada
=008  900703|1916|||||||\\\\|s\\\\\|||\||pol\\
=FMT  \\$a  BK
=019  x\$a3270650124
=040  \\$aUk$cUk
=100  1\$aTokarz, Wacław,$d1873-1937.
=245  10$aLegiony na polu walki. Działania Pierwszego Pułku Legionów na lewym brzegu Wisły w sierpniu i wrześniu 1914 roku. Relacye uczestników. Zebrał i wstępem zaopatrzył W. Tokarz. [With plates, including maps.]
=264  \1$aPiotrków :$bDrukarnia Państwowa,$c1916.
=300  \\$a235 pages ;$c(8º)
=336  \\$atext$2rdacontent
=337  \\$acomputer$2rdamedia
=338  \\$aonline$2rdacarrier
=650  \\$aWorld War, 1914-1918$vPersonal narratives.
=650  \\$aWorld War, 1914-1918$xRegimental histories$zPoland.
=650  \0$aWorld War, 1914-1918$vPersonal narratives
=650  \0$aWorld War, 1914-1918$xRegimental histories$zPoland
=655  \4$aBook
=859  \\$aXLD$bWW1
=852  4\$cDRT$jDigital Store X.639/1331.$aBritish Library$bHMNTS
=985  \\$aCorrected by BSS-generated file for WR# 11/211
=985  \\$aCorrected by MS generated file for WR# 12.037
=985  \\$aEnhanced by MS generated file for WR# 13/021
=985  \\$aEnhanced by MS generated file for WR# 13/054
=985  \\$aCorrected by MS generated file for WR# 1805-0738
=CAT  \\$aBATCH-DCW$b00$c20131128$lBLL01$h0101
=CAT  \\$aWR14.046$c20140417$lBLL01$h1725
=CAT  \\$aWR13.144/5$c20140418$lBLL01$h1049
=CAT  \\$a5194$b40$c20170530$lBLL01$h1440
=CAT  \\$a1805-0738$c20181228$lBLL01$h1834
=CAT  \\$a1805-0738$b00$c20181228$lBLL01$h1918
=CAT  \\$aW2001-2376$c20200626$lBLL01$h1829
=FIN  \\$aY$d20131128
=LKR  \\$aPAR$lBLL01$r776$b003646845$mLegiony na polu walki. Działania Pierwszego Pułku Legionów na lewym brzegu Wisły w sierpniu i wrześniu 1914 roku. Relacye uczestników. Zebrał i wstępem zaopatrzył W. Tokarz. [With plates, including maps.]$nLegiony na polu walki. Działania Pierwszego Pułku Legionów na lewym brzegu Wisły w sierpniu i wrześniu 1914 roku. Relacye uczestników. Zebrał i wstępem zaopatrzył W. Tokarz. [With plates, including maps.]
=DGM  \\$a003646845$bCatBridge variable field
=DRT  \\$aWW1
=SRC  \\$aWW1$bEuropeana_Collections_1914-1918_20131022_1
=OHC  \\$a1
=LAS  \\$aW2001-2376$b00$c20200626$lBLL01$h1829

