=LDR  01841 am a22004813  4500
=001  016553126
=003  Uk
=005  20200626182919.0
=007  cr\mn\024mpada
=008  010301|1917||||ru\\\\\|s\\\\\|||\||rus\\
=FMT  \\$a  BK
=019  x\$a3300230187
=040  \\$aUk$cUk
=100  1\$aTrotsky, Leon,$d1879-1940.
=240  10$aSingle Works
=245  10$aПрограмма мира. Къ Стокгольмской Конференціи.
=264  \1$aПетроградъ,$c[1917]
=300  \\$a29 pages ;$c(8º)
=336  \\$atext$2rdacontent
=337  \\$acomputer$2rdamedia
=338  \\$aonline$2rdacarrier
=655  \4$aPamphlet
=859  \\$aXLD$bWW1
=852  4\$cDRT$jDigital Store 08027.i.89.(3.)$aBritish Library$bHMNTS
=985  \\$aCorrected by MS generated file for WR# 12.037
=985  \\$aEnhanced by MS generated file for WR# 12/139
=985  \\$aEnhanced by MS generated file for WR# 13/021
=985  \\$aEnhanced by MS generated file for WR# 13/054
=985  \\$aCorrected by MS generated file for WR# 1805-0738
=CAT  \\$aBATCH-DCW$b00$c20131128$lBLL01$h0101
=CAT  \\$aWR14.046$c20140417$lBLL01$h1725
=CAT  \\$aWR13.144/5$c20140418$lBLL01$h1049
=CAT  \\$aBATCH-UPD$b00$c20150520$lBLL01$h1025
=CAT  \\$a1805-0738$c20181228$lBLL01$h1834
=CAT  \\$a1805-0738$b00$c20181228$lBLL01$h1918
=CAT  \\$aW2001-2376$c20200626$lBLL01$h1829
=FIN  \\$aY$d20131128
=LKR  \\$aPAR$lBLL01$r776$b003679914$mПрограмма мира. Къ Стокгольмской Конференціи.$nПрограмма мира. Къ Стокгольмской Конференціи.
=DGM  \\$a003679914$bCatBridge variable field
=DRT  \\$aWW1
=SRC  \\$aWW1$bEuropeana_Collections_1914-1918_20131022_1
=OHC  \\$a1
=LAS  \\$aW2001-2376$b00$c20200626$lBLL01$h1829

