=LDR  01692 am a22003973  4500
=001  016553127
=003  Uk
=005  20131128010124.0
=007  cr\mn\024mpada
=008  050211s1914\\\\ru\\\\\\s\\\\\000\0\rus\d
=FMT  \\$a  BK
=040  \\$aZCU$cZCU$dUk
=100  1\$aT︠S︡vi︠e︡taev, Dm.$q(Dmitrīĭ),$d1852-1920.
=245  10$aIstoricheskiĭ smysl nastoi︠a︡shcheĭ voĭny.
=246  11$aИсторическій смыслъ настоящей войны ... Докладъ произнесенъ на засѣданіи 16 августа 1914 года Московскаго отдѣла Императорскаго русскаго военно-историческаго общества..
=260  \\$aMoskva :$bTipografii︠a︡ V.M. Sablina,$c1914.
=300  \\$a6 p. ;$c21 cm.
=336  \\$atext$2rdacontent
=337  \\$acomputer$2rdamedia
=338  \\$aonline$2rdacarrier
=650  \0$aWorld War, 1914-1918$xHistoriography
=650  \0$aWorld War, 1914-1918.
=655  \4$aBook
=859  \\$aXLD$bWW1
=852  4\$cDRT$jDigital Store X.700/3713.$aBritish Library$bHMNTS
=985  \\$aCorrected by MS generated file for WR# 12.037
=CAT  \\$aBATCH-DCW$b00$c20131128$lBLL01$h0101
=CAT  \\$aWR14.046$c20140417$lBLL01$h1725
=CAT  \\$aWR13.144/5$c20140418$lBLL01$h1049
=FIN  \\$aY$d20131128
=LKR  \\$aPAR$lBLL01$r776$b003685266$mIstoricheskiĭ smysl nastoi︠a︡shcheĭ voĭny.$nIstoricheskiĭ smysl nastoi︠a︡shcheĭ voĭny.
=DGM  \\$a003685266$bCatBridge variable field
=DRT  \\$aWW1
=SRC  \\$aWW1$bEuropeana_Collections_1914-1918_20131022_1
=OHC  \\$a1
=LAS  \\$aWR13.144/5$b00$c20140418$lBLL01$h1049

