=LDR  01704 am a22004693  4500
=001  016553128
=003  Uk
=005  20200626182919.0
=007  cr\mn\024mpada
=008  900814s1914\\\\xx\\\\\\s\\\\\000\0\ukr\\
=FMT  \\$a  BK
=019  x\$a3321160153
=040  \\$aUk$cUk
=110  2\$aSoi︠u︡z vyzvolenni︠a︡ Ukraïny (UKRAINE)
=245  10$aБукварь Союза визволення України..
=246  1\$aBukvarʹ Soi︠u︡za Vyzvolenni︠a︡ Ukraïny
=264  \1$aв Царьгороді,$c1914.
=300  \\$c(8º)
=336  \\$atext$2rdacontent
=337  \\$acomputer$2rdamedia
=338  \\$aonline$2rdacarrier
=650  \0$aPrimers$zUkraine.
=650  \0$aUkrainian question
=650  \0$aWorld War, 1914-1918$zUkraine.
=655  \4$aBook
=859  \\$aXLD$bWW1
=852  4\$cDRT$jDigital Store 8095.ff.30.(2.)$aBritish Library$bHMNTS
=985  \\$aCorrected by MS generated file for WR# 12.037
=985  \\$aCorrected by MS generated file for WR# 1805-0738
=CAT  \\$aBATCH-DCW$b00$c20131128$lBLL01$h0101
=CAT  \\$aWR14.046$c20140417$lBLL01$h1725
=CAT  \\$aWR13.144/5$c20140418$lBLL01$h1049
=CAT  \\$a1805-0738$c20181228$lBLL01$h1834
=CAT  \\$a1805-0738$b00$c20181228$lBLL01$h1918
=CAT  \\$aW2001-2376$c20200626$lBLL01$h1829
=FIN  \\$aY$d20131128
=LKR  \\$aPAR$lBLL01$r776$b003703532$mБукварь Союза визволення України..$nБукварь Союза визволення України..
=DGM  \\$a003703532$bCatBridge variable field
=DRT  \\$aWW1
=SRC  \\$aWW1$bEuropeana_Collections_1914-1918_20131022_1
=OHC  \\$a1
=LAS  \\$aW2001-2376$b00$c20200626$lBLL01$h1829

