=LDR  02098 am a22004333  4500
=001  016553129
=003  Uk
=005  20131128010124.0
=007  cr\mn\024mpada
=008  010914s1914\\\\ru\a\\\\s\\\\\000\0\rusod
=FMT  \\$a  BK
=019  x\$a3583670051
=040  \\$aZCU$cZCU$dUk
=100  1\$aZagorskiĭ, K. I︠A︡.$q(Konstantin I︠A︡kovlevich),$d1859-
=245  10$6880-01$aZheli︠e︡znodorozhnye tarify v Rossīi i Germanīi v svi︠a︡zi s ėkonomicheskoi︠u︡ politikoi︠u︡ ėtikh stran.
=246  11$aZheleznodorozhnye tarify v Rossii i Germanii v svi︠a︡zi s ėkonomicheskoĭ politikoĭ ėtikh stran
=260  \\$aS.-Peterburg,$c1914.
=300  \\$a84 p. ;$btables.
=336  \\$atext$2rdacontent
=337  \\$acomputer$2rdamedia
=338  \\$aonline$2rdacarrier
=490  1\$aMaterīaly k peresmotru russko-germanskago torgovogo dogovora (Ministerstvo finansov)
=655  \4$aBook
=830  \0$aMaterīaly k peresmotru russko-germanskago torgovogo dogovora (Ministerstvo finansov)
=859  \\$aXLD$bWW1
=880  01$6245-10$aЖелѣзнодорожные тарифы въ Россіи и Германіи въ связи съ экономическою политикою этихъ странъ.
=852  4\$cDRT$jDigital Store X.510/679.$aBritish Library$bHMNTS
=985  \\$aCorrected by MS generated file for WR# 12.037
=985  \\$aRecord amended for WR# 13/070
=CAT  \\$aBATCH-DCW$b00$c20131128$lBLL01$h0101
=CAT  \\$aWR14.046$c20140417$lBLL01$h1725
=CAT  \\$aWR13.144/5$c20140418$lBLL01$h1049
=FIN  \\$aY$d20131128
=LKR  \\$aPAR$lBLL01$r776$b004008122$mZheli︠e︡znodorozhnye tarify v Rossīi i Germanīi v svi︠a︡zi s ėkonomicheskoi︠u︡ politikoi︠u︡ ėtikh stran.$nZheli︠e︡znodorozhnye tarify v Rossīi i Germanīi v svi︠a︡zi s ėkonomicheskoi︠u︡ politikoi︠u︡ ėtikh stran.
=DGM  \\$a004008122$bCatBridge variable field
=DRT  \\$aWW1
=SRC  \\$aWW1$bEuropeana_Collections_1914-1918_20131022_1
=OHC  \\$a1
=LAS  \\$aWR13.144/5$b00$c20140418$lBLL01$h1049

