=LDR  06060 am a22011413  4500
=001  016553130
=003  Uk
=005  20200626182919.0
=007  cr\mn\024mpada
=008  901203|1923||||pl\\\\\|s\\\\\|||\||pol\\
=FMT  \\$a  BK
=019  x\$a3593380366
=040  \\$aUk$cUk
=100  1\$aŻEROMSKI, Stefan.
=240  10$aCollections
=245  10$aPisma ... Pierwsze wydanie zbiorowe.
=264  \1$aWarszawa ;$aKraków :$bJ. Mortkowicz,$c1923-1929.
=300  \\$c(8º)
=336  \\$atext$2rdacontent
=337  \\$acomputer$2rdamedia
=338  \\$aonline$2rdacarrier
=580  \\$aPart title: Pisma ... Pierwsze wydanie zbiorowe. Bicze z piasku. Szkice publicystyczne. pp. 121.
=580  \\$aPart title: Pisma ... Pierwsze wydanie zbiorowe. Duma o hetmanie. Wydanie szóste. pp. 138.
=580  \\$aPart title: Pisma ... Pierwsze wydanie zbiorowe. Dzieje grzechu. Powieść. tom 1. wydanie siódme. pp. 385.
=580  \\$aPart title: Pisma ... Pierwsze wydanie zbiorowe. Dzieje grzechu. Powieść. tom 2. wydanie siódme pp. 300.
=580  \\$aPart title: Pisma ... Pierwsze wydanie zbiorowe. Ludzie bezdomni. tom 1. Wydanie szóste. pp. 252.
=580  \\$aPart title: Pisma ... Pierwsze wydanie zbiorowe. Ludzie bezdomni. tom 2. Wydanie szóste. pp. 210.
=580  \\$aPart title: Pisma ... Pierwsze wydanie zbiorowe. Popioły. tom 1. Wydanie szóste. pp. 345.
=580  \\$aPart title: Pisma ... Pierwsze wydanie zbiorowe. Popioły. tom 2. Wydanie szóste. pp. 366.
=580  \\$aPart title: Pisma ... Pierwsze wydanie zbiorowe. Popioły. tom 3. Wydanie szóste. pp. 354.
=580  \\$aPart title: Pisma ... Pierwsze wydanie zbiorowe. Projekt Akademii Literaturu Polskiej. Wydanie drugie, etc. pp. 58.
=580  \\$aPart title: Pisma ... Pierwsze wydanie zbiorowe. Projekt Akademii Literatury Polskiej. Wydanie drugie. pp. 58.
=580  \\$aPart title: Pisma ... Pierwsze wydanie zbiorowe. Przedwiośnie. Powieść. Wydanie szóste. pp. 383.
=580  \\$aPart title: Pisma ... Pierwsze wydanie zbiorowe. Rozdziobią nas kruki, wrony. Wydanie piąte. pp. 242.
=580  \\$aPart title: Pisma ... Pierwsze wydanie zbiorowe. Róza. Dramat niesceniczny. Wydanie piąte. pp. 240.
=580  \\$aPart title: Pisma ... Pierwsze wydanie zbiorowe. Snobizm i postęp. Wydanie drugie. pp. 191.
=580  \\$aPart title: Pisma ... Pierwsze wydanie zbiorowe. Sułkowski. Tragedya. Wydanie czwarte. pp. 219.
=580  \\$aPart title: Pisma ... Pierwsze wydanie zbiorowe. Syzyfowe prace. Powieść. Wydanie ósme. pp. 302.
=580  \\$aPart title: Pisma ... Pierwsze wydanie zbiorowe. Uciekła mi przepióreczka. Komedya w 3 aktach. Wydanie trzecie. pp. 133.
=580  \\$aPart title: Pisma ... Pierwsze wydanie zbiorowe. Uroda życia. tom 1. Wydanie czwarte. pp. 261.
=580  \\$aPart title: Pisma ... Pierwsze wydanie zbiorowe. Uroda życia. tom 2. Wydanie czwarte. pp. 254.
=580  \\$aPart title: Pisma ... Pierwsze wydanie zbiorowe. Walka z Szatanem. 1. Nawracanie Judasza. Powieść. Wydanie trzecie. pp. 362.
=580  \\$aPart title: Pisma ... Pierwsze wydanie zbiorowe. Walka z Szatanem. 2. Zamieć. Powieść. Wydanie trzecie. pp. 272.
=580  \\$aPart title: Pisma ... Pierwsze wydanie zbiorowe. Walka z Szatanem. 3. Charitas. Powieść. Wydanie trzecie. pp. 409.
=580  \\$aPart title: Pisma ... Pierwsze wydanie zbiorowe. Wiatr od morza. Powieść. Wydanie trzecie. pp. 318.
=580  \\$aPart title: Pisma ... Pierwsze wydanie zbiorowe. Wierna rzeka. Klechda domowa. Wydanie piąte. pp. 191.
=580  \\$aPart title: Pisma ... Pierwsze wydanie zbiorowe. "Ponad śnieg bielszym się stanę." Dramat w 3 aktach. Wydanie drugie. pp. 120.
=650  \\$aWorld War, 1914-1918$xLiterature and the war.
=650  \\$aWorld War, 1914-1918$zPoland.
=650  \0$aWorld War, 1914-1918$xLiterature and the war
=655  \4$aBook
=787  0\$w(Uk)MP1.0004301615.0.1
=787  0\$w(Uk)MP1.0004301615.0.10
=787  0\$w(Uk)MP1.0004301615.0.11
=787  0\$w(Uk)MP1.0004301615.0.12
=787  0\$w(Uk)MP1.0004301615.0.13
=787  0\$w(Uk)MP1.0004301615.0.14
=787  0\$w(Uk)MP1.0004301615.0.15
=787  0\$w(Uk)MP1.0004301615.0.16
=787  0\$w(Uk)MP1.0004301615.0.17
=787  0\$w(Uk)MP1.0004301615.0.18
=787  0\$w(Uk)MP1.0004301615.0.19
=787  0\$w(Uk)MP1.0004301615.0.2
=787  0\$w(Uk)MP1.0004301615.0.20
=787  0\$w(Uk)MP1.0004301615.0.21
=787  0\$w(Uk)MP1.0004301615.0.22
=787  0\$w(Uk)MP1.0004301615.0.23
=787  0\$w(Uk)MP1.0004301615.0.24
=787  0\$w(Uk)MP1.0004301615.0.25
=787  0\$w(Uk)MP1.0004301615.0.26
=787  0\$w(Uk)MP1.0004301615.0.3
=787  0\$w(Uk)MP1.0004301615.0.4
=787  0\$w(Uk)MP1.0004301615.0.5
=787  0\$w(Uk)MP1.0004301615.0.6
=787  0\$w(Uk)MP1.0004301615.0.7
=787  0\$w(Uk)MP1.0004301615.0.8
=787  0\$w(Uk)MP1.0004301615.0.9
=859  \\$aXLD$bWW1
=852  4\$cDRT$jDigital Store 012265.aaa.25.$aBritish Library$bHMNTS
=985  \\$aCorrected by MS generated file for WR# 12.037
=985  \\$aDisaggregated record: Type C
=985  \\$aEnhanced by MS generated file for WR# 12/139
=985  \\$aEnhanced by MS generated file for WR# 13/021
=985  \\$aEnhanced by MS generated file for WR# 13/054
=985  \\$aCorrected by MS generated file for WR# 1805-0738
=CAT  \\$aBATCH-DCW$b00$c20131128$lBLL01$h0101
=CAT  \\$aWR14.046$c20140417$lBLL01$h1725
=CAT  \\$aWR13.144/5$c20140418$lBLL01$h1049
=CAT  \\$a1805-0738$c20181228$lBLL01$h1834
=CAT  \\$a1805-0738$b00$c20181228$lBLL01$h1918
=CAT  \\$aW2001-2376$c20200626$lBLL01$h1829
=FIN  \\$aY$d20131128
=LKR  \\$aPAR$lBLL01$r776$b004017805$mPisma ... Pierwsze wydanie zbiorowe.$nPisma ... Pierwsze wydanie zbiorowe.
=DGM  \\$a004017805$bCatBridge variable field
=DRT  \\$aWW1
=SRC  \\$aWW1$bEuropeana_Collections_1914-1918_20131022_1
=OHC  \\$a1
=LAS  \\$aW2001-2376$b00$c20200626$lBLL01$h1829

