=LDR  01566 am a2200445 a 4500
=001  016553131
=003  Uk
=005  20131128010124.0
=007  cr\mn\024mpada
=008  770412s1916\\\\enk\\\\\s\\\\\000\0\eng\\
=FMT  \\$a  BK
=010  \\$a23000357
=019  u\$aG10513626
=040  \\$aUk$cUk$dUk
=100  1\$aDearmer, Mabel,$d1872-1915.
=245  10$aLetters from a field hospital /$cby Mabel Dearmer, with a memoir of the author by Stephen Gwynn.
=260  \\$aLondon :$bMacmillan and Co.,$c1916.
=300  \\$a182 p.$c19 cm.
=336  \\$atext$2rdacontent
=337  \\$acomputer$2rdamedia
=338  \\$aonline$2rdacarrier
=500  \\$a"First edition November 1915. Reprinted ... April 1916."
=650  \0$aWorld War, 1914-1918$xHospitals, charities, etc.
=650  \0$aWorld War, 1914-1918$xMedical care
=650  \0$aWorld War, 1914-1918$xPersonal narratives.
=650  \0$aWorld War, 1914-1918$zSerbia
=655  \4$aBook
=700  1\$aGwynn, Stephen Lucius,$d1864-1950.
=859  \\$aXLD$bWW1
=852  4\$cDRT$jDigital Store W48/6722$aBritish Library$bDSC
=CAT  \\$aBATCH-DCW$b00$c20131128$lBLL01$h0101
=CAT  \\$aWR14.046$c20140417$lBLL01$h1725
=CAT  \\$aWR13.144/5$c20140418$lBLL01$h1049
=FIN  \\$aY$d20131128
=LKR  \\$aPAR$lBLL01$r776$b008922169$mLetters from a field hospital /$nLetters from a field hospital /
=DGM  \\$a008922169$bCatBridge variable field
=DRT  \\$aWW1
=SRC  \\$aWW1$bEuropeana_Collections_1914-1918_20131022_1
=OHC  \\$a1
=LAS  \\$aWR13.144/5$b00$c20140418$lBLL01$h1049

