=LDR  01654 am a2200409uu 4500
=001  016553132
=003  Uk
=005  20131128010124.0
=007  cr\mn\024mpada
=008  040420s1916\\\\sz\\\\\|s\\\\\000\||fre\\
=FMT  \\$a  BK
=019  u\$aG11132846
=040  \\$aUk$cUk
=245  02$aL'Ukraine et La Guerre :$bLettre Ouverte adressee ̀a la 2me conférence socialiste internationale tenue en Hollande en mai 1916 /$c[I. Rybalka]
=260  \\$aLausanne :$bEdition du journal social-democrate Ukrainien "Borotba",$c1916.
=300  \\$a55 p. ;$c19 cm.
=336  \\$atext$2rdacontent
=337  \\$acomputer$2rdamedia
=338  \\$aonline$2rdacarrier
=650  \0$aUkrainian question
=650  \0$aUkrainians$xEthnic identity.
=650  \0$aWorld War, 1914-1918$zUkraine.
=655  \4$aBook
=700  1\$aRybalka, I.
=859  \\$aXLD$bWW1
=852  4\$cDRT$jDigital Store W34/5589$aBritish Library$bDSC
=985  \\$aCorrected by MS generated file for WR# 12.037
=CAT  \\$aBATCH-DCW$b00$c20131128$lBLL01$h0101
=CAT  \\$aWR14.046$c20140417$lBLL01$h1725
=CAT  \\$aWR13.144/5$c20140418$lBLL01$h1049
=FIN  \\$aY$d20131128
=LKR  \\$aPAR$lBLL01$r776$b012163265$mL'Ukraine et La Guerre : Lettre Ouverte adressee ̀a la 2me conférence socialiste internationale tenue en Hollande en mai 1916 /$nL'Ukraine et La Guerre : Lettre Ouverte adressee ̀a la 2me conférence socialiste internationale tenue en Hollande en mai 1916 /
=DGM  \\$a012163265$bCatBridge variable field
=DRT  \\$aWW1
=SRC  \\$aWW1$bEuropeana_Collections_1914-1918_20131022_1
=OHC  \\$a1
=LAS  \\$aWR13.144/5$b00$c20140418$lBLL01$h1049

