=LDR  01957 am a2200457   4500
=001  016553133
=003  Uk
=005  20131128010124.0
=007  cr\mn\024mpada
=008  811110s1917\\\\sz\\\\\\s\\\\\000\0\fre\\
=FMT  \\$a  BK
=010  \\$a24010239
=040  \\$aDLC$bfre$cDRB$dDLC$dUk
=100  1\$aLozynsʹkyĭ, Mykhaĭlo,$d1880-1937.
=245  15$aLes "droits" de la Pologne sur la Galicie :$bexposé des faits historiques sur lesquels les Polonais basent leurs prétentions sur la Galicie /$cMichel Lozynsky.
=260  \\$aLausanne :$bBureau Ukrainien,$c1917.
=300  \\$a52 p. ;$c19 cm.
=336  \\$atext$2rdacontent
=337  \\$acomputer$2rdamedia
=338  \\$aonline$2rdacarrier
=650  \0$aPolish question
=650  \0$aWorld War, 1914-1918$xTerritorial questions$zGalicia (Poland and Ukraine)
=651  \0$aGalicia (Poland and Ukraine)
=655  \4$aBook
=859  \\$aXLD$bWW1
=852  4\$cDRT$jDigital Store YF.2006.a.4503$aBritish Library$bHMNTS
=985  \\$aCorrected by BSS-generated file
=985  \\$aCorrected by MS generated file for WR# 12.037
=CAT  \\$aBATCH-DCW$b00$c20131128$lBLL01$h0101
=CAT  \\$aWR14.046$c20140417$lBLL01$h1725
=CAT  \\$aWR13.144/5$c20140418$lBLL01$h1049
=CAT  \\$aBATCH-UPD$b00$c20150520$lBLL01$h1025
=CAT  \\$aBATCH-UPD$b00$c20160515$lBLL01$h2051
=CAT  \\$aBATCH-UPD$b00$c20190503$lBLL01$h2034
=FIN  \\$aY$d20131128
=LKR  \\$aPAR$lBLL01$r776$b013354965$mLes "droits" de la Pologne sur la Galicie : exposé des faits historiques sur lesquels les Polonais basent leurs prétentions sur la Galicie /$nLes "droits" de la Pologne sur la Galicie : exposé des faits historiques sur lesquels les Polonais basent leurs prétentions sur la Galicie /
=DGM  \\$a013354965$bCatBridge variable field
=DRT  \\$aWW1
=SRC  \\$aWW1$bEuropeana_Collections_1914-1918_20131022_1
=OHC  \\$a1
=LAS  \\$aBATCH-UPD$b00$c20190503$lBLL01$h2034

