=LDR  02499 am a22005293  4500
=001  016553134
=003  Uk
=005  20200626182919.0
=007  cr\mn\024mpada
=008  880726|1919||||enk\\\\|s\\\\o|||\||eng\\
=FMT  \\$a  BK
=019  x\$a0964430207
=040  \\$aUk$cUk
=110  1\$aGreat Britain.$bArmy.$bDivision, 46th.
=245  10$aBreaking the Hindenburg Line: the story of the 46th (North Midland) Division [Sept.-Nov. 1918. With an outline of its previous history.] By Major R. E. Priestley ... With two maps and seventeen illustrations.
=264  \1$aLondon :$bT. Fisher Unwin,$c1919.
=300  \\$a200 pages ;$c(8º)
=336  \\$atext$2rdacontent
=337  \\$acomputer$2rdamedia
=338  \\$aonline$2rdacarrier
=650  \0$aRegimental histories
=655  \4$aBook
=700  1\$aPriestley, Raymond E.$q(Raymond Edward),$d1886-1974.
=859  \\$aXLD$bWW1
=886  2\$2blmarc$a709$b00$aPRIESTLEY$eSir$hRaymond Edward$p09082.b.42.$x2654030164
=852  4\$aBritish Library$bHMNTS$cDRT$jDigital Store 09082.b.42.
=985  \\$aCorrected by BSS-generated file for WR# 08/145
=985  \\$aCorrected by BSS-generated file for WR# 11/211
=985  \\$aEnhanced by MS generated file for WR# 12/139
=985  \\$aEnhanced by MS generated file for WR# 13/021
=985  \\$aEnhanced by MS generated file for WR# 13/054
=985  \\$aCorrected by MS generated file for WR# 1805-0738
=CAT  \\$aBATCH-DCW$b00$c20131128$lBLL01$h0112
=CAT  \\$aWR14.046$c20140417$lBLL01$h1725
=CAT  \\$aWR13.144/5$c20140418$lBLL01$h1049
=CAT  \\$aBATCH-RIGH$c20170607$lBLL01$h1816
=CAT  \\$aR1706-1834$c20170629$lBLL01$h1227
=CAT  \\$a1805-0738$c20181228$lBLL01$h1834
=CAT  \\$a1805-0738$b00$c20181228$lBLL01$h1918
=CAT  \\$aW2001-2376$c20200626$lBLL01$h1829
=FIN  \\$aY$d20131128
=LKR  \\$aPAR$lBLL01$r776$b001094779$mBreaking the Hindenburg Line: the story of the 46th (North Midland) Division [Sept.-Nov. 1918. With an outline of its previous history.] By Major R. E. Priestley ... With two maps and seventeen illustrations.$nBreaking the Hindenburg Line: the story of the 46th (North Midland) Division [Sept.-Nov. 1918. With an outline of its previous history.] By Major R. E. Priestley ... With two maps and seventeen illustrations.
=DGM  \\$a001094779$bCatBridge variable field
=DRT  \\$aWW1
=SRC  \\$aWW1$bEuropeana_Collections_1914-1918_20131023_1
=OHC  \\$a3
=LAS  \\$aW2001-2376$b00$c20200626$lBLL01$h1829

