=LDR  02194 am a22005053  4500
=001  016553135
=003  Uk
=005  20200626182919.0
=007  cr\mn\024mpada
=008  870814|1917||||enk\\\\|s\\\\\|||\||eng\\
=FMT  \\$a  BK
=019  x\$a0022070273
=040  \\$aUk$cUk
=100  1\$aADAMS, John Bernard Pye.
=245  10$aNothing of Importance: a record of eight months at the front with a Welsh battalion, October, 1915, to June, 1916 ... With a portrait and three maps.
=264  \1$aLondon :$bMacmillan & Co,$c1917.
=300  \\$axviii, 308 pages ;$c(8º)
=336  \\$atext$2rdacontent
=337  \\$acomputer$2rdamedia
=338  \\$aonline$2rdacarrier
=650  \0$aWorld War, 1914-1918$xLiterature and the war.
=655  \4$aBook
=859  \\$aXLD$bWW1
=852  4\$cDRT$jDigital Store 09083.c.2.$aBritish Library$bHMNTS
=985  \\$aCorrected by BSS-generated file for WR# 11/216
=985  \\$aCorrected by MS generated file for WR# 12.037
=985  \\$aEnhanced by MS generated file for WR# 12/139
=985  \\$aEnhanced by MS generated file for WR# 13/021
=985  \\$aEnhanced by MS generated file for WR# 13/054
=985  \\$aCorrected by MS generated file for WR# 1805-0738
=CAT  \\$aBATCH-DCW$b00$c20131128$lBLL01$h0113
=CAT  \\$aBATCH-DCW$b00$c20140120$lBLL01$h1108
=CAT  \\$aWR14.046$c20140417$lBLL01$h1725
=CAT  \\$aWR13.144/5$c20140418$lBLL01$h1049
=CAT  \\$a1805-0738$c20181228$lBLL01$h1834
=CAT  \\$a1805-0738$b00$c20181228$lBLL01$h1918
=CAT  \\$aW2001-2376$c20200626$lBLL01$h1829
=FIN  \\$aY$d20131128
=LKR  \\$aPAR$lBLL01$r776$b000016006$mNothing of Importance: a record of eight months at the front with a Welsh battalion, October, 1915, to June, 1916 ... With a portrait and three maps.$nNothing of Importance: a record of eight months at the front with a Welsh battalion, October, 1915, to June, 1916 ... With a portrait and three maps.
=DGM  \\$a000016006$bCatBridge variable field
=DRT  \\$aWW1
=SRC  \\$aWW1$bEuropeana_Collections_1914-1918_20131023_1
=SRC  \\$aWW1$bEuropeana_Collections_1914-1918_20140117
=OHC  \\$a1
=LAS  \\$aW2001-2376$b00$c20200626$lBLL01$h1829

