=LDR  02409 am a22005413  4500
=001  016553136
=003  Uk
=005  20200626182919.0
=007  cr\mn\024mpada
=008  880218|1917||||enk\\\\|s\\\\\|||\||eng\\
=FMT  \\$a  BK
=019  x\$a0184210151
=040  \\$aUk$cUk
=100  1\$aBARBUSSE, Henri.
=245  10$aUnder Fire: the story of a squad ... Translated by Fitzwater Wray.
=264  \1$aLondon ;$aToronto :$bJ. M. Dent & Sons,$c1917.
=300  \\$aviii, 344 pages ;$c(8º)
=336  \\$atext$2rdacontent
=337  \\$acomputer$2rdamedia
=338  \\$aonline$2rdacarrier
=650  \0$aWorld War, 1914-1918$xLiterature and the war.
=655  \4$aBook
=700  1\$aWray, W. Fitzwater,$d1867-1938.
=775  0\$t[Under Fire: the story of a squad ... Translated by Fitzwater Wray.]$w(Uk)MP1.0000218684.1$dpp. xvi. 344. J. M. Dent & Sons: London & Toronto; E. P. Dutton & Co.: New York, 1926. 8º.
=859  \\$aXLD$bWW1
=886  2\$2blmarc$a709$b00$aWRAY$hW. Fitzwater$p12206.p.1/589.$x3561320317$p12547.p.6.$x3561320309
=852  4\$cDRT$jDigital Store 12547.p.6.$aBritish Library$bHMNTS
=985  \\$aCorrected by BSS-generated file for WR# 11/211
=985  \\$aCorrected by MS generated file for WR# 12.037
=985  \\$aEnhanced by MS generated file for WR# 12/139
=985  \\$aEnhanced by MS generated file for WR# 13/021
=985  \\$aEnhanced by MS generated file for WR# 13/054
=985  \\$aCorrected by MS generated file for WR# 1805-0738
=CAT  \\$aBATCH-DCW$b00$c20131128$lBLL01$h0113
=CAT  \\$aWR14.046$c20140417$lBLL01$h1725
=CAT  \\$aWR13.144/5$c20140418$lBLL01$h1049
=CAT  \\$a5194$b40$c20160915$lBLL01$h1400
=CAT  \\$a1805-0738$c20181228$lBLL01$h1834
=CAT  \\$a1805-0738$b00$c20181228$lBLL01$h1918
=CAT  \\$aW2001-2376$c20200626$lBLL01$h1829
=FIN  \\$aY$d20131128
=LKR  \\$aPAR$b000196713$r775$mUnder Fire: the story of a squad ... Translated by Fitzwater Wray.$n[Under Fire: the story of a squad ... Translated by Fitzwater Wray.]
=LKR  \\$aPAR$lBLL01$r776$b000196712$mUnder Fire: the story of a squad ... Translated by Fitzwater Wray.$nUnder Fire: the story of a squad ... Translated by Fitzwater Wray.
=DGM  \\$a000196712$bCatBridge variable field
=DRT  \\$aWW1
=SRC  \\$aWW1$bEuropeana_Collections_1914-1918_20131023_1
=OHC  \\$a1
=LAS  \\$aW2001-2376$b00$c20200626$lBLL01$h1829

