=LDR  01961 am a22004813  4500
=001  016553138
=003  Uk
=005  20200626182919.0
=007  cr\mn\024mpada
=008  880118|1918||||enk\\\\|s\\\\\|||\||eng\\
=FMT  \\$a  BK
=019  x\$a043476003X
=040  \\$aUk$cUk
=100  1\$aBrooke, Rupert,$d1887-1915.
=245  14$aThe Collected Poems of Rupert Brooke: with a memoir [by Sir Edward Marsh]. [With portraits.]
=264  \1$aLondon :$bSidgwick & Jackson,$c1918.
=300  \\$aclix, 160 pages ;$c(8º)
=336  \\$atext$2rdacontent
=337  \\$acomputer$2rdamedia
=338  \\$aonline$2rdacarrier
=650  \0$aWorld War, 1914-1918$xLiterature and the war.
=655  \4$aBook
=787  0\$tThe Collected Poems of Rupert Brooke, etc. (Second impression.)$w(Uk)MP1.0000516151.1$dLondon, 1918. 8º.
=859  \\$aXLD$bWW1
=852  4\$cDRT$jDigital Store 012403.l.19.$aBritish Library$bHMNTS
=985  \\$aCorrected by BSS-generated file for WR# 11/048
=985  \\$aCorrected by MS generated file for WR# 12.037
=985  \\$aDisaggregated record: Type B
=985  \\$aEnhanced by MS generated file for WR# 12/139
=985  \\$aCorrected by MS generated file for WR# 1805-0738
=CAT  \\$aBATCH-DCW$b00$c20131128$lBLL01$h0113
=CAT  \\$aWR14.046$c20140417$lBLL01$h1725
=CAT  \\$aWR13.144/5$c20140418$lBLL01$h1049
=CAT  \\$a1805-0738$c20181228$lBLL01$h1834
=CAT  \\$a1805-0738$b00$c20181228$lBLL01$h1918
=CAT  \\$aW2001-2376$c20200626$lBLL01$h1829
=FIN  \\$aY$d20131128
=LKR  \\$aPAR$lBLL01$r776$b000486732$mThe Collected Poems of Rupert Brooke: with a memoir [by Sir Edward Marsh]. [With portraits.]$nThe Collected Poems of Rupert Brooke: with a memoir [by Sir Edward Marsh]. [With portraits.]
=DGM  \\$a000486732$bCatBridge variable field
=DRT  \\$aWW1
=SRC  \\$aWW1$bEuropeana_Collections_1914-1918_20131023_1
=OHC  \\$a1
=LAS  \\$aW2001-2376$b00$c20200626$lBLL01$h1829

