=LDR  01688 am a22004813  4500
=001  016553139
=003  Uk
=005  20200626182919.0
=007  cr\mn\024mpada
=008  880118|1915|||||||\\\\|s\\\\\|||\||eng\\
=FMT  \\$a  BK
=019  x\$a0434770019
=040  \\$aUk$cUk
=100  1\$aBrooke, Rupert,$d1887-1915.
=245  10$aWar Poems.
=264  \1$c[1915]
=300  \\$c(8º)
=336  \\$atext$2rdacontent
=337  \\$acomputer$2rdamedia
=338  \\$aonline$2rdacarrier
=500  \\$aPrinted on one side of the leaf only. One of an edition of a few copies privately printed for Lady Desborough.
=650  \0$aWorld War, 1914-1918$xLiterature and the war.
=655  \4$aBook
=859  \\$aXLD$bWW1
=852  4\$cDRT$jDigital Store Cup.402.b.20.$aBritish Library$bHMNTS
=985  \\$aCorrected by BSS-generated file for WR# 11/011
=985  \\$aCorrected by MS generated file for WR# 12.037
=985  \\$aEnhanced by MS generated file for WR# 13/021
=985  \\$aEnhanced by MS generated file for WR# 13/054
=985  \\$aCorrected by MS generated file for WR# 1805-0738
=CAT  \\$aBATCH-DCW$b00$c20131128$lBLL01$h0113
=CAT  \\$aWR14.046$c20140417$lBLL01$h1725
=CAT  \\$aWR13.144/5$c20140418$lBLL01$h1049
=CAT  \\$a1805-0738$c20181228$lBLL01$h1834
=CAT  \\$a1805-0738$b00$c20181228$lBLL01$h1918
=CAT  \\$aW2001-2376$c20200626$lBLL01$h1829
=FIN  \\$aY$d20131128
=LKR  \\$aPAR$lBLL01$r776$b000486769$mWar Poems.$nWar Poems.
=DGM  \\$a000486769$bCatBridge variable field
=DRT  \\$aWW1
=SRC  \\$aWW1$bEuropeana_Collections_1914-1918_20131023_1
=OHC  \\$a1
=LAS  \\$aW2001-2376$b00$c20200626$lBLL01$h1829

