=LDR  02178 am a22005053  4500
=001  016553142
=003  Uk
=005  20200626182919.0
=007  cr\mn\024mpada
=008  880726|1925||||enk\\\\|s\\\\o|||\||eng\\
=FMT  \\$a  BK
=019  x\$a0964430061
=040  \\$aUk$cUk
=110  1\$aGreat Britain.$bArmy.$bDivision, 29th.
=245  14$aThe Story of the 29th Division ... By ... Stair Gillon ... Compiled from narratives supplied by three divisional Commanders, etc. [With portraits and maps.]
=264  \1$aLondon :$bT. Nelson & Sons,$c1925.
=300  \\$axv, 276 pages ;$c(8º)
=336  \\$atext$2rdacontent
=337  \\$acomputer$2rdamedia
=338  \\$aonline$2rdacarrier
=650  \0$aRegimental histories
=655  \4$aBook
=700  1\$aGILLON, Stair A.
=859  \\$aXLD$bWW1
=886  2\$2blmarc$a709$b00$aGILLON$hStair A.$p09084.cc.37.$x1251540155
=852  4\$cDRT$jDigital Store 09084.cc.37.$aBritish Library$bHMNTS
=985  \\$aCorrected by BSS-generated file for WR# 08/145
=985  \\$aCorrected by BSS-generated file for WR# 11/216
=985  \\$aEnhanced by MS generated file for WR# 12/139
=985  \\$aCorrected by MS generated file for WR# 1805-0738
=CAT  \\$aBATCH-DCW$b00$c20131128$lBLL01$h0113
=CAT  \\$aWR14.046$c20140417$lBLL01$h1725
=CAT  \\$aWR13.144/5$c20140418$lBLL01$h1049
=CAT  \\$aBATCH-RIGH$c20170607$lBLL01$h1816
=CAT  \\$aR1706-1834$c20170629$lBLL01$h1227
=CAT  \\$a1805-0738$c20181228$lBLL01$h1834
=CAT  \\$a1805-0738$b00$c20181228$lBLL01$h1918
=CAT  \\$aW2001-2376$c20200626$lBLL01$h1829
=FIN  \\$aY$d20131128
=LKR  \\$aPAR$lBLL01$r776$b001094765$mThe Story of the 29th Division ... By ... Stair Gillon ... Compiled from narratives supplied by three divisional Commanders, etc. [With portraits and maps.]$nThe Story of the 29th Division ... By ... Stair Gillon ... Compiled from narratives supplied by three divisional Commanders, etc. [With portraits and maps.]
=DGM  \\$a001094765$bCatBridge variable field
=DRT  \\$aWW1
=SRC  \\$aWW1$bEuropeana_Collections_1914-1918_20131023_1
=OHC  \\$a1
=LAS  \\$aW2001-2376$b00$c20200626$lBLL01$h1829

