=LDR  01938 am a22005173  4500
=001  016553143
=003  Uk
=005  20200626182919.0
=007  cr\mn\024mpada
=008  990303|1920||||enk\\\\|s\\\\o|||\||eng\\
=FMT  \\$a  BK
=019  x\$a0964430193
=040  \\$aUk$cUk
=110  1\$aGreat Britain.$bArmy.$bDivision, 42nd.
=245  14$aThe 42nd - East Lancashire - Division, 1914-1918. By Frederick P. Gibbon.
=264  \1$aLondon,$c[1920]
=300  \\$axii, 246 pages ;$c(8º)
=336  \\$atext$2rdacontent
=337  \\$acomputer$2rdamedia
=338  \\$aonline$2rdacarrier
=490  0\$a[Country Life Military Histories.]
=650  \0$aRegimental histories
=655  \4$aBook
=700  1\$aGibbon, Frederick P.
=859  \\$aXLD$bWW1
=852  4\$cDRT$jDigital Store 08820.b.1/7.$aBritish Library$bHMNTS
=985  \\$aCorrected by BSS-generated file for WR# 08/145
=985  \\$aCorrected by BSS-generated file for WR# 11/160
=985  \\$aEnhanced by MS generated file for WR# 12/139
=985  \\$aCorrected by MS generated file for WR# 1805-0738
=CAT  \\$aBATCH-DCW$b00$c20131128$lBLL01$h0113
=CAT  \\$aWR14_014$c20140224$lBLL01$h0839
=CAT  \\$aWR14.046$c20140417$lBLL01$h1725
=CAT  \\$aWR13.144/5$c20140418$lBLL01$h1049
=CAT  \\$aBATCH-RIGH$c20170607$lBLL01$h1816
=CAT  \\$aR1706-1834$c20170629$lBLL01$h1227
=CAT  \\$a1805-0738$c20181228$lBLL01$h1834
=CAT  \\$a1805-0738$b00$c20181228$lBLL01$h1918
=CAT  \\$aW2001-2376$c20200626$lBLL01$h1829
=FIN  \\$aY$d20131128
=LKR  \\$aPAR$lBLL01$r776$b001094778$mThe 42nd - East Lancashire - Division, 1914-1918. By Frederick P. Gibbon.$nThe 42nd - East Lancashire - Division, 1914-1918. By Frederick P. Gibbon.
=DGM  \\$a001094778$bCatBridge variable field
=DRT  \\$aWW1
=SRC  \\$aWW1$bEuropeana_Collections_1914-1918_20131023_1
=OHC  \\$a1
=LAS  \\$aW2001-2376$b00$c20200626$lBLL01$h1829

