=LDR  01805ccm a22004937  4500
=001  016553155
=003  Uk
=005  20131128011307.0
=007  cr\mn\024mpada
=008  930310s1916\\\\enk|||\|s||||||||\\\und\|
=FMT  \\$a  MU
=019  d\$aaj16870001
=040  \\$aUk$cUk
=082  14$a780$215
=100  1\$aBraham, Philip,$d1881-1934.
=245  10$aBack to Blighty. Selection [P. F.], arr. by H. Jaxon.
=264  \1$aLondon :$bAscherberg, Hopwood & Crew,$c1916.
=300  \\$c(folio)
=336  \\$anotated music$2rdacontent
=337  \\$acomputer$2rdamedia
=338  \\$aonline$2rdacarrier
=340  \\$mfolio$2rdabf
=700  1\$aHaines, Herbert E.$q(Herbert Edgar),$d1879-1923.
=859  \\$aXLD$bWW1
=852  4\$cDRT$jDigital Store h.3284.x.(3.)$aBritish Library$bMUSIC
=985  \\$aCorrected by MS generated file for WR# 12.037
=985  \\$aCorrected by MS generated file for WR# 1805-0738
=CAT  \\$aBATCH-DCW$b00$c20131128$lBLL01$h0113
=CAT  \\$aWR14.046$c20140417$lBLL01$h1725
=CAT  \\$aWR13.144/5$c20140418$lBLL01$h1049
=CAT  \\$aBATCH-DCW$b00$c20141018$lBLL01$h1802
=CAT  \\$aBATCH-DCW$b00$c20141018$lBLL01$h1843
=CAT  \\$aWR15_100$c20150811$lBLL01$h0328
=CAT  \\$a1805-0738$c20181228$lBLL01$h1834
=CAT  \\$a1805-0738$b00$c20181228$lBLL01$h1918
=CAT  \\$a7416$b40$c20221005$lBLL01$h1550
=FIN  \\$aY$d20131128
=LKR  \\$aPAR$lBLL01$r776$b004234527$mBack to Blighty. Selection [P. F.], arr. by H. Jaxon.$nBack to Blighty. Selection [P. F.], arr. by H. Jaxon.
=DGM  \\$a004234527$bCatBridge variable field
=DRT  \\$aWW1
=SRC  \\$aWW1$bEuropeana_Collections_1914-1918_20131023_1
=SRC  \\$aWW1$bEuropeana_Collections_1914-1918_20140601_muscorr
=OHC  \\$a1
=LAS  \\$a7416$b40$c20221005$lBLL01$h1550

