=LDR  02064 cm a22005057  4500
=001  016553157
=003  Uk
=005  20210506151549.0
=007  cr\mn\024mpada
=008  930316s1915\\\\enk|||\|s||||||||\\\eng\|
=FMT  \\$a  MU
=019  d\$ack06580023
=040  \\$aUk$cUk
=082  14$a780$215
=100  10$aDuncan, Edmondstoune,$d1866-1920.
=245  10$aDancing Songs of the World ... for solo ... and pianoforte. Edited, with English words, by E. Duncan.
=264  \1$aLondon ;$aGlasgow :$bBayley & Ferguson,$c1915.
=300  \\$c(8º)
=336  \\$anotated music$2rdacontent
=337  \\$acomputer$2rdamedia
=338  \\$aonline$2rdacarrier
=340  \\$m8vo$2rdabf
=859  \\$aXLD$bWW1
=883  0\$aLanguage codes assigned by Bayesian analysis of words present in record$d20210115$qUk$c0.9450
=852  4\$cDRT$jDigital Store F.636.ll.(10.)$aBritish Library$bMUSIC
=985  \\$aCorrected by MS generated file for WR# 12.037
=985  \\$aCorrected by MS generated file for WR# 1805-0738
=CAT  \\$aBATCH-DCW$b00$c20131128$lBLL01$h0113
=CAT  \\$aWR14.046$c20140417$lBLL01$h1725
=CAT  \\$aWR13.144/5$c20140418$lBLL01$h1049
=CAT  \\$aBATCH-UPD$b00$c20141018$lBLL01$h1650
=CAT  \\$aBATCH-DCW$b00$c20141018$lBLL01$h1802
=CAT  \\$aBATCH-DCW$b00$c20141018$lBLL01$h1843
=CAT  \\$aWR15_100$c20150811$lBLL01$h0328
=CAT  \\$a1805-0738$c20181228$lBLL01$h1834
=CAT  \\$a1805-0738$b00$c20181228$lBLL01$h1918
=CAT  \\$aW2102-0046$b00$c20210506$lBLL01$h1515
=FIN  \\$aY$d20131128
=LKR  \\$aPAR$lBLL01$r776$b004314916$mDancing Songs of the World ... for solo ... and pianoforte. Edited, with English words, by E. Duncan.$nDancing Songs of the World ... for solo ... and pianoforte. Edited, with English words, by E. Duncan.
=DGM  \\$a004314916$bCatBridge variable field
=DRT  \\$aWW1
=SRC  \\$aWW1$bEuropeana_Collections_1914-1918_20131023_1
=SRC  \\$aWW1$bEuropeana_Collections_1914-1918_20140601_muscorr
=OHC  \\$a1
=LAS  \\$aW2102-0046$b00$c20210506$lBLL01$h1515

