=LDR  01540 cm a22004457  4500
=001  016553158
=003  Uk
=005  20131128011307.0
=007  cr\mn\024mpada
=008  930317s1915\\\\enk||a\|s||||||||\\\und\|
=FMT  \\$a  MU
=019  d\$acm06000587
=040  \\$aUk$cUk
=082  14$a780$215
=100  1\$aElgar, Edward,$d1857-1934.
=245  10$aPolonia. Symphonic Prelude. Op. 76. Full Score.
=264  \1$aLondon :$bElkin & Co,$c1915.
=300  \\$c(folio)
=336  \\$anotated music$2rdacontent
=337  \\$acomputer$2rdamedia
=338  \\$aonline$2rdacarrier
=340  \\$mfolio$2rdabf
=859  \\$aXLD$bWW1
=852  4\$cDRT$jDigital Store h.3930.l.(12.)$aBritish Library$bMUSIC
=985  \\$aCorrected by MS generated file for WR# 12.037
=985  \\$aCorrected by MS generated file for WR# 1805-0738
=CAT  \\$aBATCH-DCW$b00$c20131128$lBLL01$h0113
=CAT  \\$aWR14.046$c20140417$lBLL01$h1725
=CAT  \\$aWR13.144/5$c20140418$lBLL01$h1049
=CAT  \\$aBATCH-UPD$b00$c20150520$lBLL01$h1027
=CAT  \\$aWR15_100$c20150811$lBLL01$h0328
=CAT  \\$a1805-0738$c20181228$lBLL01$h1834
=CAT  \\$a1805-0738$b00$c20181228$lBLL01$h1918
=FIN  \\$aY$d20131128
=LKR  \\$aPAR$lBLL01$r776$b004322861$mPolonia. Symphonic Prelude. Op. 76. Full Score.$nPolonia. Symphonic Prelude. Op. 76. Full Score.
=DGM  \\$a004322861$bCatBridge variable field
=DRT  \\$aWW1
=SRC  \\$aWW1$bEuropeana_Collections_1914-1918_20131023_1
=OHC  \\$a1
=LAS  \\$a1805-0738$b00$c20181228$lBLL01$h1918

