=LDR  01922ccm a22005057  4500
=001  016553160
=003  Uk
=005  20220412101044.0
=007  cr\mn\024mpada
=008  930317s1911\\\\enk|||\|s||||||||\\\eng\|
=FMT  \\$a  MU
=019  d\$acm06000602
=040  \\$aUk$cUk
=082  14$a780$215
=100  1\$aElgar, Edward,$d1857-1934.
=240  10$aCoronation ode.$pLand of hope and glory
=245  10$aLand of Hope and Glory. Solo and Chorus ... Tonic Sol-fa edition.
=264  \1$aLondon ;$aNew York :$bBoosey & Co,$c1911.
=300  \\$c(4º)
=336  \\$anotated music$2rdacontent
=337  \\$acomputer$2rdamedia
=338  \\$aonline$2rdacarrier
=340  \\$m4to$2rdabf
=859  \\$aXLD$bWW1
=883  0\$aLanguage codes assigned by Bayesian analysis of words present in record$d20210115$qUk$c0.9450
=852  4\$cDRT$jDigital Store D.1080.c.(10*.)$aBritish Library$bMUSIC
=985  \\$aCorrected by MS generated file for WR# 12.037
=985  \\$aCorrected by MS generated file for WR# 1805-0738
=CAT  \\$aBATCH-DCW$b00$c20131128$lBLL01$h0113
=CAT  \\$aWR14.046$c20140417$lBLL01$h1725
=CAT  \\$aWR13.144/5$c20140418$lBLL01$h1049
=CAT  \\$aBATCH-UPD$b00$c20150520$lBLL01$h1028
=CAT  \\$a11814$b40$c20150526$lBLL01$h1417
=CAT  \\$aWR15_100$c20150811$lBLL01$h0328
=CAT  \\$a1805-0738$c20181228$lBLL01$h1834
=CAT  \\$a1805-0738$b00$c20181228$lBLL01$h1918
=CAT  \\$aW2102-0046$b00$c20210506$lBLL01$h1515
=CAT  \\$aMFISHER$b40$c20220412$lBLL01$h1010
=FIN  \\$aY$d20131128
=LKR  \\$aPAR$lBLL01$r776$b004322875$mLand of Hope and Glory. Solo and Chorus ... Tonic Sol-fa edition.$nLand of Hope and Glory. Solo and Chorus ... Tonic Sol-fa edition.
=DGM  \\$a004322875$bCatBridge variable field
=DRT  \\$aWW1
=SRC  \\$aWW1$bEuropeana_Collections_1914-1918_20131023_1
=OHC  \\$a1
=LAS  \\$aMFISHER$b40$c20220412$lBLL01$h1010

