=LDR  01924 cm a22005057  4500
=001  016553168
=003  Uk
=005  20131128011307.0
=007  cr\mn\024mpada
=008  930317s1921\\\\enk||a\|s||||||||\\\und\|
=FMT  \\$a  MU
=019  d\$ada11980016
=040  \\$aUk$cUk
=082  14$a780$215
=100  1\$aFarrar, Ernest,$d1885-1918.
=245  10$aEnglish Pastoral Impressions. Suite for orchestra. (Op. 26.) Full Score.
=264  \1$aLondon :$bStainer & Bell,$c1921.
=300  \\$c(folio)
=336  \\$anotated music$2rdacontent
=337  \\$acomputer$2rdamedia
=338  \\$aonline$2rdacarrier
=340  \\$mfolio$2rdabf
=490  0\$aCarnegie Collection of British Music
=500  \\$aAnother copy of h.3941.
=859  \\$aXLD$bWW1
=852  4\$cDRT$jDigital Store h.3941.a.$aBritish Library$bMUSIC
=852  4\$cDRT$jDigital Store h.3941.a.$aBritish Library$bMUSIC$aBritish Library$bMUSIC
=985  \\$aCorrected by MS generated file for WR# 12.037
=985  \\$aCorrected by MS generated file for WR# 1805-0738
=CAT  \\$aBATCH-DCW$b00$c20131128$lBLL01$h0113
=CAT  \\$aWR14.046$c20140417$lBLL01$h1725
=CAT  \\$aWR13.144/5$c20140418$lBLL01$h1049
=CAT  \\$aBATCH-DCW$b00$c20141018$lBLL01$h1802
=CAT  \\$aBATCH-DCW$b00$c20141018$lBLL01$h1843
=CAT  \\$aWR15_100$c20150811$lBLL01$h0328
=CAT  \\$a1805-0738$c20181228$lBLL01$h1834
=CAT  \\$a1805-0738$b00$c20181228$lBLL01$h1918
=FIN  \\$aY$d20131128
=LKR  \\$aPAR$lBLL01$r776$b004332005$mEnglish Pastoral Impressions. Suite for orchestra. (Op. 26.) Full Score.$nEnglish Pastoral Impressions. Suite for orchestra. (Op. 26.) Full Score.
=DGM  \\$a004332005$bCatBridge variable field
=DRT  \\$aWW1
=SRC  \\$aWW1$bEuropeana_Collections_1914-1918_20131023_1
=SRC  \\$aWW1$bEuropeana_Collections_1914-1918_20140601_muscorr
=OHC  \\$a1
=LAS  \\$a1805-0738$b00$c20181228$lBLL01$h1918

