=LDR  01631 cm a22004097  4500
=001  016553170
=003  Uk
=005  20210506151549.0
=007  cr\mn\024mpada
=008  930317s1914\\\\xx\|||\|s||||||||\\\eng\|
=FMT  \\$a  MU
=019  d\$ada11980020
=040  \\$aUk$cUk
=082  14$a780$215
=100  1\$aFarrar, Ernest,$d1885-1918.
=245  10$aGolden Stars. [Four-part Song.] Words by Heine, translated from the German by A. Strettell. Op. 18. No. 3, etc.
=260  \\$c1914.
=300  \\$c4.̊
=336  \\$anotated music$2rdacontent
=337  \\$acomputer$2rdamedia
=338  \\$aonline$2rdacarrier
=490  0\$aSaint. St. Cecilia,etc. Eleventh Series. No. 22. [1890?etc.]
=859  \\$aXLD$bWW1
=883  0\$aLanguage codes assigned by Bayesian analysis of words present in record$d20210115$qUk$c0.9450
=852  4\$cDRT$jDigital Store F.1526.$aBritish Library$bMUSIC
=CAT  \\$aBATCH-DCW$b00$c20131128$lBLL01$h0113
=CAT  \\$aWR14.046$c20140417$lBLL01$h1725
=CAT  \\$aWR13.144/5$c20140418$lBLL01$h1049
=CAT  \\$aWR15_100$c20150811$lBLL01$h0328
=CAT  \\$aW2102-0046$b00$c20210506$lBLL01$h1515
=FIN  \\$aY$d20131128
=LKR  \\$aPAR$lBLL01$r776$b004332009$mGolden Stars. [Four-part Song.] Words by Heine, translated from the German by A. Strettell. Op. 18. No. 3, etc.$nGolden Stars. [Four-part Song.] Words by Heine, translated from the German by A. Strettell. Op. 18. No. 3, etc.
=DGM  \\$a004332009$bCatBridge variable field
=DRT  \\$aWW1
=SRC  \\$aWW1$bEuropeana_Collections_1914-1918_20131023_1
=OHC  \\$a1
=LAS  \\$aW2102-0046$b00$c20210506$lBLL01$h1515

