=LDR  02467 cm a22005897  4500
=001  016553174
=003  Uk
=005  20210506151549.0
=007  cr\mn\024mpada
=008  930317s1907\\\\enk||z||s||||||||\\\eng\|
=FMT  \\$a  MU
=019  d\$ada11980039
=040  \\$aUk$cUk
=082  14$a780$215
=100  1\$aFarrar, Ernest,$d1885-1918.
=245  10$aThere was a Maid. [Four-Part Song.] Words from the Jovial Crew. Op. 4. No. 1,etc. (Edited by G. F. Geaussent.).
=264  \1$aLondon :$bStainer & Bell,$c[1907]
=300  \\$c(8º)
=336  \\$anotated music$2rdacontent
=337  \\$acomputer$2rdamedia
=338  \\$aonline$2rdacarrier
=340  \\$m8vo$2rdabf
=500  \\$aStainer & Bell's Male Voice Choir Library, No. 1.
=700  1\$aGeaussent, George F.
=859  \\$aXLD$bWW1
=883  0\$aLanguage codes assigned by Bayesian analysis of words present in record$d20210115$qUk$c0.9450
=852  4\$cDRT$jDigital Store F.1137.c.$aBritish Library$bMUSIC
=852  4\$cDRT$jDigital Store F.1137.c.$aBritish Library$bMUSIC
=985  \\$aCorrected by MS generated file for WR# 12.037
=985  \\$aCorrected by MS generated file for WR# 1805-0738
=CAT  \\$aBATCH-DCW$b00$c20131128$lBLL01$h0113
=CAT  \\$aWR13_205$c20131223$lBLL01$h1625
=CAT  \\$aBATCH-DCW$b00$c20140120$lBLL01$h0221
=CAT  \\$aWR14.046$c20140417$lBLL01$h1725
=CAT  \\$aWR13.144/5$c20140418$lBLL01$h1049
=CAT  \\$aBATCH-DCW$b00$c20141018$lBLL01$h1802
=CAT  \\$aBATCH-DCW$b00$c20141018$lBLL01$h1843
=CAT  \\$aWR15_100$c20150811$lBLL01$h0328
=CAT  \\$aBATCH-DCW$b00$c20151231$lBLL01$h1635
=CAT  \\$a1805-0738$c20181228$lBLL01$h1834
=CAT  \\$a1805-0738$b00$c20181228$lBLL01$h1918
=CAT  \\$aW2102-0046$b00$c20210506$lBLL01$h1515
=FIN  \\$aY$d20131128
=LKR  \\$aPAR$lBLL01$r776$b004332027$mThere was a Maid. [Four-Part Song.] Words from the Jovial Crew. Op. 4. No. 1,etc. (Edited by G. F. Geaussent.).$nThere was a Maid. [Four-Part Song.] Words from the Jovial Crew. Op. 4. No. 1,etc. (Edited by G. F. Geaussent.).
=DGM  \\$a004332027$bCatBridge variable field
=DRT  \\$aWW1
=SRC  \\$aWW1$bEuropeana_Collections_1914-1918_20131023_1
=SRC  \\$aWW1$bEuropeana_Collections_1914-1918_20140113
=SRC  \\$aWW1$bEuropeana_Collections_1914-1918_20140601_muscorr
=SRC  \\$aWW1$bEuropeana_Collections_1914-1918_20151231
=OHC  \\$a1
=LAS  \\$aW2102-0046$b00$c20210506$lBLL01$h1515

