=LDR  01917ccm a2200529ua 4500
=001  016553183
=003  Uk
=005  20231002135857.0
=007  cr\mn\024mpada
=008  940302s1914\\\\enk||z||s||||||||\b\\\\\\
=FMT  \\$a  MU
=019  3\$amu9377412
=020  \\$cNo price
=040  \\$aUk$cUk
=082  04$a784.4
=084  \\$aMSK/DW$2bcmc
=100  1\$aRubens, Paul A.$q(Paul Alfred),$d1875-1917.
=240  10$aYour King and country want you;$oarranged
=245  10$aYour King and country want you :$b(a woman's recruiting song).
=260  \\$aLondon :$bChappell & Co.,$cc1914.
=300  \\$a1 set of parts ;$c28 cm.
=336  \\$anotated music$2rdacontent
=337  \\$acomputer$2rdamedia
=338  \\$aonline$2rdacarrier
=500  \\$aFor orchestra.
=653  \\$aSongs$aArrangements for light orchestras
=859  \\$aXLD$bWW1
=852  4\$cDRT$jDigital Store f.842.y.(12.)$aBritish Library$bMUSIC
=957  \\$ac141112
=985  \\$aCorrected by MS generated file for WR# 12.037
=985  \\$aRecord amended for WR# 13/070
=CAT  \\$aBATCH-DCW$b00$c20131128$lBLL01$h0113
=CAT  \\$aWR13_205$c20131223$lBLL01$h1625
=CAT  \\$aWR14.046$c20140417$lBLL01$h1725
=CAT  \\$aWR13.144/5$c20140418$lBLL01$h1049
=CAT  \\$aBATCH-DCW$b00$c20141018$lBLL01$h1802
=CAT  \\$aBATCH-DCW$b00$c20141018$lBLL01$h1843
=CAT  \\$aBATCH-UPD$b00$c20150520$lBLL01$h1028
=CAT  \\$aMFISHER$b40$c20231002$lBLL01$h1358
=FIN  \\$aY$d20131128
=LKR  \\$aPAR$lBLL01$r776$b005276476$mYour King and country want you : (a woman's recruiting song).$nYour King and country want you : (a woman's recruiting song).
=DGM  \\$a005276476$bCatBridge variable field
=DRT  \\$aWW1
=SRC  \\$aWW1$bEuropeana_Collections_1914-1918_20131023_1
=SRC  \\$aWW1$bEuropeana_Collections_1914-1918_20140601_muscorr
=OHC  \\$a1
=LAS  \\$aMFISHER$b40$c20231002$lBLL01$h1358

