=LDR  01863 am a22004813  4500
=001  016553186
=003  Uk
=005  20200626182919.0
=007  cr\mn\024mpada
=008  880330|1915||||stk\\\\|s\\\\\|||\||eng\\
=FMT  \\$a  BK
=019  x\$a0472110136
=040  \\$aUk$cUk
=100  1\$aBulloch, John Malcolm.
=245  10$aBattlefield Discipline as it was enforced on the Gordon Highlanders one hundred years ago.
=264  \1$aBuckie :$bPrivately printed,$c1915.
=300  \\$a8 pages ;$c(4º)
=336  \\$atext$2rdacontent
=337  \\$acomputer$2rdamedia
=338  \\$aonline$2rdacarrier
=500  \\$aOne of an edition of fifty copies.
=650  \0$aRegimental histories.
=655  \4$aBook
=859  \\$aXLD$bWW1
=852  4\$cDRT$jDigital Store 8831.d.43.(2.)$aBritish Library$bHMNTS
=985  \\$aCorrected by BSS-generated file for WR# 11/211
=985  \\$aEnhanced by MS generated file for WR# 12/139
=985  \\$aEnhanced by MS generated file for WR# 13/021
=985  \\$aEnhanced by MS generated file for WR# 13/054
=985  \\$aCorrected by MS generated file for WR# 1805-0738
=CAT  \\$aBATCH-DCW$b00$c20131128$lBLL01$h0124
=CAT  \\$aWR14.046$c20140417$lBLL01$h1725
=CAT  \\$aWR13.144/5$c20140418$lBLL01$h1049
=CAT  \\$a1805-0738$c20181228$lBLL01$h1834
=CAT  \\$a1805-0738$b00$c20181228$lBLL01$h1918
=CAT  \\$aW2001-2376$c20200626$lBLL01$h1829
=FIN  \\$aY$d20131128
=LKR  \\$aPAR$lBLL01$r776$b000527643$mBattlefield Discipline as it was enforced on the Gordon Highlanders one hundred years ago.$nBattlefield Discipline as it was enforced on the Gordon Highlanders one hundred years ago.
=DGM  \\$a000527643$bCatBridge variable field
=DRT  \\$aWW1
=SRC  \\$aWW1$bEuropeana_Collections_1914-1918_20131024_1
=OHC  \\$a1
=LAS  \\$aW2001-2376$b00$c20200626$lBLL01$h1829

