=LDR  02081 am a22005173  4500
=001  016553187
=003  Uk
=005  20200626182919.0
=007  cr\mn\024mpada
=008  880726|1927||||enk\\\\|s\\\\o|||\||eng\\
=FMT  \\$a  BK
=019  x\$a0964420155
=040  \\$aUk$cUk
=110  1\$aGreat Britain.$bArmy.$bDivision, 7th.
=245  14$aThe Seventh Division, 1914-1918. By C. T. Atkinson. [With plates, including portraits, and maps.]
=264  \1$aLondon :$bJohn Murray,$c1927.
=300  \\$ax, 529 pages ;$c(8º)
=336  \\$atext$2rdacontent
=337  \\$acomputer$2rdamedia
=338  \\$aonline$2rdacarrier
=650  \0$aRegimental histories
=655  \4$aBook
=700  1\$aAtkinson, C. T.$q(Christopher Thomas),$d1880-
=859  \\$aXLD$bWW1
=886  2\$2blmarc$a709$b00$aATKINSON$hChristopher Thomas$p09084.c.55.$x0131980106
=852  4\$cDRT$jDigital Store 09084.c.55.$aBritish Library$bHMNTS
=985  \\$aCorrected by BSS-generated file for WR# 08/145
=985  \\$aCorrected by BSS-generated file for WR# 11/048
=985  \\$aEnhanced by MS generated file for WR# 12/139
=985  \\$aCorrected by MS generated file for WR# 1805-0738
=CAT  \\$aBATCH-DCW$b00$c20131128$lBLL01$h0124
=CAT  \\$aWR14.046$c20140417$lBLL01$h1725
=CAT  \\$aWR13.144/5$c20140418$lBLL01$h1049
=CAT  \\$aBATCH-RIGH$c20170607$lBLL01$h1816
=CAT  \\$aR1706-1834$c20170629$lBLL01$h1227
=CAT  \\$a5194$b40$c20170728$lBLL01$h1058
=CAT  \\$a1805-0738$c20181228$lBLL01$h1834
=CAT  \\$a1805-0738$b00$c20181228$lBLL01$h1918
=CAT  \\$aW2001-2376$c20200626$lBLL01$h1829
=FIN  \\$aY$d20131128
=LKR  \\$aPAR$lBLL01$r776$b001094749$mThe Seventh Division, 1914-1918. By C. T. Atkinson. [With plates, including portraits, and maps.]$nThe Seventh Division, 1914-1918. By C. T. Atkinson. [With plates, including portraits, and maps.]
=DGM  \\$a001094749$bCatBridge variable field
=DRT  \\$aWW1
=SRC  \\$aWW1$bEuropeana_Collections_1914-1918_20131024_1
=OHC  \\$a1
=LAS  \\$aW2001-2376$b00$c20200626$lBLL01$h1829

