=LDR  01422 am a22004213  4500
=001  016553189
=003  Uk
=005  20131128012441.0
=007  cr\mn\024mpada
=008  881104|1917|||||||\\\\|s\\\\\|||\||eng\\
=FMT  \\$a  BK
=019  x\$a1562880128
=040  \\$aUk$cUk
=100  1\$aHUTCHINS, B. Leigh.
=245  10$aWomen in Industry after the War.
=260  \\$c[1917]
=300  \\$a28 p.
=336  \\$atext$2rdacontent
=337  \\$acomputer$2rdamedia
=338  \\$aonline$2rdacarrier
=580  \\$aIn : Social Reconstruction Pamphlets. Social Reconstruction Pamphlets. no. 3, [1917.] 8º.
=650  \0$aWomen and war.
=655  \4$aPamphlet
=859  \\$aXLD$bWW1
=852  4\$cDRT$jDigital Store 08286.aa.23.(3.)$aBritish Library$bHMNTS
=985  \\$aCorrected by MS generated file for WR# 12.037
=985  \\$aEnhanced by MS generated file for WR# 13/021
=985  \\$aEnhanced by MS generated file for WR# 13/054
=CAT  \\$aBATCH-DCW$b00$c20131128$lBLL01$h0124
=CAT  \\$aWR14.046$c20140417$lBLL01$h1725
=CAT  \\$aWR13.144/5$c20140418$lBLL01$h1049
=FIN  \\$aY$d20131128
=LKR  \\$aPAR$lBLL01$r776$b001776942$mWomen in Industry after the War.$nWomen in Industry after the War.
=DGM  \\$a001776942$bCatBridge variable field
=DRT  \\$aWW1
=SRC  \\$aWW1$bEuropeana_Collections_1914-1918_20131024_1
=OHC  \\$a1
=LAS  \\$aWR13.144/5$b00$c20140418$lBLL01$h1049

