=LDR  02163 am a22005053  4500
=001  016553191
=003  Uk
=005  20200626182919.0
=007  cr\mn\024mpada
=008  890601|1917||||enk\\\\|s\\\\\|||\||eng\\
=FMT  \\$a  BK
=019  x\$a2171150203
=040  \\$aUk$cUk
=100  1\$aMee, Arthur,$d1875-1943.
=245  10$aDefeat or Victory? The strength of Britain book, etc. [A plea for the prohibition of the drink trade during the war.] (Second edition.).
=264  \1$aLondon :$bStrength of Britain Movement,$c1917.
=300  \\$a119 pages ;$c(8º)
=336  \\$atext$2rdacontent
=337  \\$acomputer$2rdamedia
=338  \\$aonline$2rdacarrier
=650  \0$aWorld War, 1914-1918$xEconomic aspects.
=655  \4$aBook
=700  1\$aHOLDEN, John Stuart.
=859  \\$aXLD$bWW1
=886  2\$2blmarc$a709$b00$aHOLDEN$hJohn Stuart$p8436.h.32.(2.)$x1503790053
=852  4\$cDRT$jDigital Store 8436.h.32.(2.)$aBritish Library$bHMNTS
=985  \\$aCorrected by BSS-generated file for WR# 11/048
=985  \\$aCorrected by MS generated file for WR# 12.037
=985  \\$aEnhanced by MS generated file for WR# 12/139
=985  \\$aEnhanced by MS generated file for WR# 13/021
=985  \\$aEnhanced by MS generated file for WR# 13/054
=985  \\$aCorrected by MS generated file for WR# 1805-0738
=CAT  \\$aBATCH-DCW$b00$c20131128$lBLL01$h0124
=CAT  \\$aWR14.046$c20140417$lBLL01$h1725
=CAT  \\$aWR13.144/5$c20140418$lBLL01$h1049
=CAT  \\$a1805-0738$c20181228$lBLL01$h1834
=CAT  \\$a1805-0738$b00$c20181228$lBLL01$h1918
=CAT  \\$aW2001-2376$c20200626$lBLL01$h1829
=FIN  \\$aY$d20131128
=LKR  \\$aPAR$lBLL01$r776$b002444901$mDefeat or Victory? The strength of Britain book, etc. [A plea for the prohibition of the drink trade during the war.] (Second edition.).$nDefeat or Victory? The strength of Britain book, etc. [A plea for the prohibition of the drink trade during the war.] (Second edition.).
=DGM  \\$a002444901$bCatBridge variable field
=DRT  \\$aWW1
=SRC  \\$aWW1$bEuropeana_Collections_1914-1918_20131024_1
=OHC  \\$a1
=LAS  \\$aW2001-2376$b00$c20200626$lBLL01$h1829

