=LDR  01808 am a22004813  4500
=001  016553193
=003  Uk
=005  20131128012441.0
=007  cr\mn\024mpada
=008  900717|1915|||||||\\\\|s\\\\\|||\||eng\\
=FMT  \\$a  BK
=019  x\$a3302980272
=040  \\$aUk$cUk
=100  1\$aTucić, Srđan,$d1873-1940.
=245  14$aThe Slav Nations ... English translation by Fanny S. Copeland.
=260  \\$c1915.
=300  \\$a192 p.
=336  \\$atext$2rdacontent
=337  \\$acomputer$2rdamedia
=338  \\$aonline$2rdacarrier
=580  \\$aIn : Periodical Publications.-London.-Daily Telegraph. The Daily Telegraph War Books. 1914, etc. 8º.
=650  \0$aWorld War, 1914-1918
=650  \0$aWorld War, 1914-1918$xLiterature and the war
=655  \4$aBook
=700  1\$aCopeland, Fanny S.,$d1872-1970.
=859  \\$aXLD$bWW1
=886  2\$2blmarc$a709$b00$aCOPELAND$hFanny S.$p9085.de.1/25.$x0692640029
=852  4\$cDRT$jDigital Store 9085.de.1/25.$aBritish Library$bHMNTS
=985  \\$aCorrected by BSS-generated file for WR# 11/211
=985  \\$aCorrected by MS generated file for WR# 12.037
=CAT  \\$aBATCH-DCW$b00$c20131128$lBLL01$h0124
=CAT  \\$aWR14.046$c20140417$lBLL01$h1725
=CAT  \\$aWR13.144/5$c20140418$lBLL01$h1049
=CAT  \\$aBATCH-UPD$b00$c20150520$lBLL01$h1028
=CAT  \\$aBATCH-UPD$b00$c20170713$lBLL01$h2023
=CAT  \\$a5100$b40$c20180529$lBLL01$h0753
=FIN  \\$aY$d20131128
=LKR  \\$aPAR$lBLL01$r776$b003685852$mThe Slav Nations ... English translation by Fanny S. Copeland.$nThe Slav Nations ... English translation by Fanny S. Copeland.
=DGM  \\$a003685852$bCatBridge variable field
=DRT  \\$aWW1
=SRC  \\$aWW1$bEuropeana_Collections_1914-1918_20131024_1
=OHC  \\$a1
=LAS  \\$a5100$b40$c20180529$lBLL01$h0753

