=LDR  02283 cm a22004817  4500
=001  016553202
=003  Uk
=005  20210506151549.0
=007  cr\mn\024mpada
=008  930318s1920\\\\enk|||\|s||||||||\\\eng\|
=FMT  \\$a  MU
=019  d\$adg19550013
=040  \\$aUk$cUk
=082  14$a780$215
=100  1\$aGurney, Ivor,$d1890-1937.
=245  10$aFive Elizabethan Songs with piano ... [No. 1.] Under the greenwood tree. (W. Shakespeare.) [No. 2.] Orpheus. (W. Shakespeare.) [No. 3.] Spring. (T. Nashe.) [No. 4.] Tears. (J. Fletcher.) [No. 5.] Sleep. (J. Fletcher.).
=264  \1$aLondon :$bW. Rogers,$c1920.
=300  \\$a5 no ;$c(4º)
=336  \\$anotated music$2rdacontent
=337  \\$acomputer$2rdamedia
=338  \\$aonline$2rdacarrier
=340  \\$m4to$2rdabf
=859  \\$aXLD$bWW1
=883  0\$aLanguage codes assigned by Bayesian analysis of words present in record$d20210115$qUk$c0.9450
=852  4\$cDRT$jDigital Store G.426.l.(19.)$aBritish Library$bMUSIC
=985  \\$aCorrected by MS generated file for WR# 12.037
=985  \\$aCorrected by MS generated file for WR# 1805-0738
=CAT  \\$aBATCH-DCW$b00$c20131128$lBLL01$h0124
=CAT  \\$aBATCH-DCW$b00$c20131128$lBLL01$h0202
=CAT  \\$aWR14.046$c20140417$lBLL01$h1725
=CAT  \\$aWR13.144/5$c20140418$lBLL01$h1049
=CAT  \\$aWR15_100$c20150811$lBLL01$h0328
=CAT  \\$a1805-0738$c20181228$lBLL01$h1834
=CAT  \\$a1805-0738$b00$c20181228$lBLL01$h1918
=CAT  \\$aW2102-0046$b00$c20210506$lBLL01$h1515
=FIN  \\$aY$d20131128
=LKR  \\$aPAR$lBLL01$r776$b004382183$mFive Elizabethan Songs with piano ... [No. 1.] Under the greenwood tree. (W. Shakespeare.) [No. 2.] Orpheus. (W. Shakespeare.) [No. 3.] Spring. (T. Nashe.) [No. 4.] Tears. (J. Fletcher.) [No. 5.] Sleep. (J. Fletcher.).$nFive Elizabethan Songs with piano ... [No. 1.] Under the greenwood tree. (W. Shakespeare.) [No. 2.] Orpheus. (W. Shakespeare.) [No. 3.] Spring. (T. Nashe.) [No. 4.] Tears. (J. Fletcher.) [No. 5.] Sleep. (J. Fletcher.).
=DGM  \\$a004382183$bCatBridge variable field
=DRT  \\$aWW1
=SRC  \\$aWW1$bEuropeana_Collections_1914-1918_20131024_1
=SRC  \\$aWW1$bEuropeana_Collections_1914-1918_20131114_1
=OHC  \\$a1
=LAS  \\$aW2102-0046$b00$c20210506$lBLL01$h1515

