=LDR  01609 cm a22004457  4500
=001  016553204
=003  Uk
=005  20131128012441.0
=007  cr\mn\024mpada
=008  930323s1919\\\\enk|||\|s||||||||\\\und\|
=FMT  \\$a  MU
=019  d\$aej12070065
=040  \\$aUk$cUk
=082  14$a780$215
=100  1\$aMacpherson, Charles,$d1870-1927.
=245  10$aSing unto God. An Anthem of thanksgiving ... after the Great War, etc.
=264  \1$aLondon :$bNovello & Co,$c1919.
=300  \\$c(8º)
=336  \\$anotated music$2rdacontent
=337  \\$acomputer$2rdamedia
=338  \\$aonline$2rdacarrier
=340  \\$m8vo$2rdabf
=859  \\$aXLD$bWW1
=852  4\$cDRT$jDigital Store F.1269.bb.(3.)$aBritish Library$bMUSIC
=985  \\$aCorrected by MS generated file for WR# 12.037
=985  \\$aCorrected by MS generated file for WR# 1805-0738
=CAT  \\$aBATCH-DCW$b00$c20131128$lBLL01$h0124
=CAT  \\$aWR14.046$c20140417$lBLL01$h1725
=CAT  \\$aWR13.144/5$c20140418$lBLL01$h1049
=CAT  \\$a11814$b40$c20140529$lBLL01$h1037
=CAT  \\$aWR15_100$c20150811$lBLL01$h0328
=CAT  \\$a1805-0738$c20181228$lBLL01$h1834
=CAT  \\$a1805-0738$b00$c20181228$lBLL01$h1918
=FIN  \\$aY$d20131128
=LKR  \\$aPAR$lBLL01$r776$b004502897$mSing unto God. An Anthem of thanksgiving ... after the Great War, etc.$nSing unto God. An Anthem of thanksgiving ... after the Great War, etc.
=DGM  \\$a004502897$bCatBridge variable field
=DRT  \\$aWW1
=SRC  \\$aWW1$bEuropeana_Collections_1914-1918_20131024_1
=OHC  \\$a1
=LAS  \\$a1805-0738$b00$c20181228$lBLL01$h1918

