=LDR  01505 am a2200409 a 4500
=001  016553206
=003  Uk
=005  20140124091937.0
=007  cr\mn\024mpada
=008  880726s1939\\\\enkab\\\s\\\\\001\0|eng\\
=FMT  \\$a  BK
=019  x\$a0964440008
=040  \\$aUk$cUk$dUk
=100  1\$aWyrall, Everard,$d1878-1937.
=245  14$aThe History of the Fiftieth Division, 1914-1919 /$cby Everard Wyrall. With 13 illustrations and 9 maps.
=260  \\$aLondon :$bP. Lund, Humphries & Co.,$c1939.
=300  \\$axi, 376 p. :$bplates, maps ;$c23 cm.
=336  \\$atext$2rdacontent
=337  \\$acomputer$2rdamedia
=338  \\$aonline$2rdacarrier
=610  10$aGreat Britain.$bArmy.$bDivision, 50th (Northumbrian)
=650  \0$aRegimental histories
=650  \0$aWorld War, 1914-1918$xRegimental histories$zGreat Britain.
=655  \4$aBook
=859  \\$aXLD$bWW1
=852  4\$aBritish Library$bHMNTS$cDRT$jDigital Store 9087.aa.30.
=CAT  \\$aBATCH-DCW$b00$c20131128$lBLL01$h0134
=CAT  \\$a7601$b40$c20140124$lBLL01$h0919
=CAT  \\$aWR14.046$c20140417$lBLL01$h1725
=CAT  \\$aWR13.144/5$c20140418$lBLL01$h1049
=FIN  \\$aY$d20131128
=LKR  \\$aPAR$lBLL01$r776$b001094784$mThe History of the Fiftieth Division, 1914-1919 /$nThe History of the Fiftieth Division, 1914-1919 /
=DGM  \\$a001094784$bCatBridge variable field
=DRT  \\$aWW1
=SRC  \\$aWW1$bEuropeana_Collections_1914-1918_20131029_1
=OHC  \\$a2
=LAS  \\$aWR13.144/5$b00$c20140418$lBLL01$h1049

