=LDR  01759 am a22004813  4500
=001  016553207
=003  Uk
=005  20200626182919.0
=007  cr\mn\024mpada
=008  871118|1915||||fr\\\\\|s\\\\\|||\||eng\\
=FMT  \\$a  BK
=019  x\$a0230830021
=040  \\$aUk$cUk
=100  1\$aBÉDIER, Charles Marie Joseph.
=245  10$aHow Germany seeks to justify her Atrocities, etc.
=264  \1$aParis :$bArmand Colin,$c1915.
=300  \\$a48 pages ;$c(8º)
=336  \\$atext$2rdacontent
=337  \\$acomputer$2rdamedia
=338  \\$aonline$2rdacarrier
=490  0\$a[Studies and Documents on the War.]
=650  \0$aWorld War, 1914-1918$xAtrocities.
=655  \4$aBook
=859  \\$aXLD$bWW1
=852  4\$cDRT$jDigital Store 08028.ee.40.(3.)$aBritish Library$bHMNTS
=985  \\$aCorrected by BSS-generated file for WR# 11/048
=985  \\$aEnhanced by MS generated file for WR# 12/139
=985  \\$aEnhanced by MS generated file for WR# 13/021
=985  \\$aEnhanced by MS generated file for WR# 13/054
=985  \\$aCorrected by MS generated file for WR# 1805-0738
=CAT  \\$aBATCH-DCW$b00$c20131128$lBLL01$h0134
=CAT  \\$aWR14.046$c20140417$lBLL01$h1725
=CAT  \\$aWR13.144/5$c20140418$lBLL01$h1049
=CAT  \\$a1805-0738$c20181228$lBLL01$h1834
=CAT  \\$a1805-0738$b00$c20181228$lBLL01$h1918
=CAT  \\$aW2001-2376$c20200626$lBLL01$h1829
=FIN  \\$aY$d20131128
=LKR  \\$aPAR$lBLL01$r776$b000248427$mHow Germany seeks to justify her Atrocities, etc.$nHow Germany seeks to justify her Atrocities, etc.
=DGM  \\$a000248427$bCatBridge variable field
=DRT  \\$aWW1
=SRC  \\$aWW1$bEuropeana_Collections_1914-1918_20131029_1
=OHC  \\$a1
=LAS  \\$aW2001-2376$b00$c20200626$lBLL01$h1829

