=LDR  02177 cm a22004937  4500
=001  016553211
=003  Uk
=005  20210506151549.0
=007  cr\mn\024mpada
=008  930317s1920\\\\enk|||\|s||||||||\\\eng\|
=FMT  \\$a  MU
=019  d\$ada11980027
=040  \\$aUk$cUk
=082  14$a780$215
=100  1\$aFarrar, Ernest,$d1885-1918.
=245  10$aTwo Pastorals. [No. 1.] Come you, Mary. [No. 2.] Who would shepherd pipes forsake? The words by N. Gale. (Op. 21. Nos. 2 and 3.) In B♭ and E♭. (In C and G.).
=264  \1$aLondon :$bNovello & Co,$c1920.
=300  \\$a2 nos ;$c(4º)
=336  \\$anotated music$2rdacontent
=337  \\$acomputer$2rdamedia
=338  \\$aonline$2rdacarrier
=340  \\$m4to$2rdabf
=859  \\$aXLD$bWW1
=883  0\$aLanguage codes assigned by Bayesian analysis of words present in record$d20210115$qUk$c0.9450
=852  4\$cDRT$jDigital Store G.426.d.(15.)$aBritish Library$bMUSIC
=985  \\$aCorrected by MS generated file for WR# 12.037
=985  \\$aCorrected by MS generated file for WR# 1805-0738
=CAT  \\$aBATCH-DCW$b00$c20131128$lBLL01$h0134
=CAT  \\$aWR14.046$c20140417$lBLL01$h1725
=CAT  \\$aWR13.144/5$c20140418$lBLL01$h1049
=CAT  \\$aBATCH-DCW$b00$c20141018$lBLL01$h1802
=CAT  \\$aBATCH-DCW$b00$c20141018$lBLL01$h1843
=CAT  \\$aWR15_100$c20150811$lBLL01$h0328
=CAT  \\$a1805-0738$c20181228$lBLL01$h1834
=CAT  \\$a1805-0738$b00$c20181228$lBLL01$h1918
=CAT  \\$aW2102-0046$b00$c20210506$lBLL01$h1515
=FIN  \\$aY$d20131128
=LKR  \\$aPAR$lBLL01$r776$b004332015$mTwo Pastorals. [No. 1.] Come you, Mary. [No. 2.] Who would shepherd pipes forsake? The words by N. Gale. (Op. 21. Nos. 2 and 3.) In B♭ and E♭. (In C and G.).$nTwo Pastorals. [No. 1.] Come you, Mary. [No. 2.] Who would shepherd pipes forsake? The words by N. Gale. (Op. 21. Nos. 2 and 3.) In B♭ and E♭. (In C and G.).
=DGM  \\$a004332015$bCatBridge variable field
=DRT  \\$aWW1
=SRC  \\$aWW1$bEuropeana_Collections_1914-1918_20131029_1
=SRC  \\$aWW1$bEuropeana_Collections_1914-1918_20140601_muscorr
=OHC  \\$a1
=LAS  \\$aW2102-0046$b00$c20210506$lBLL01$h1515

