=LDR  01870cem a22005173u 4500
=001  016553212
=003  Uk
=005  20221208094749.0
=007  cr\mn\024mpada
=007  a|||||||
=008  940103s1917\\\\enk||||||\a\\||\|\||eng\\
=FMT  \\$a  MP
=019  4\$am03065808X
=034  1\$aa$b5000$dE0025344$eE0032822$fN0501602$gN0050019$2bound
=040  \\$aUk$cUk
=052  7\$a912.44$2ddc
=245  00$aTown plan of Cambrai.
=255  \\$aScale 1:5,000$c(E 2°53'44"--E 3°28'22"/N 50°16'02"--N 50°0'19").
=264  \1$a[London] :$b[Geographical Section, General Staff],$c1917.
=300  \\$a1 map ;$c800 x 500 mm.
=336  \\$acartographic image$2rdacontent
=337  \\$acomputer$2rdamedia
=338  \\$aonline$2rdacarrier
=500  \\$aShows front lines at 20th November and 6th December 1917.
=650  \0$aWorld War, 1914-1918.
=651  \7$aCAMBRAI, France (City)$y1917.$2blmlsh
=655  \4$aMap
=776  0\$tTown plan of Cambrai.$w(Uk)004813328
=859  \\$aXLD$bWW1
=852  4\$aBritish Library$bMAPS$cDRT$jDigital Store Maps C.14.b.37.
=985  \\$aCorrected by MS generated file for WR# 12.037
=985  \\$aEnhanced by MS generated file for WR# 13/021
=985  \\$aEnhanced by MS generated file for WR# 13/054
=985  \\$aUpgraded from BL georeferencer data 2022-12-06.
=CAT  \\$aBATCH-DCW$b00$c20131128$lBLL01$h0143
=CAT  \\$aWR14_014$c20140224$lBLL01$h0839
=CAT  \\$aWR14.046$c20140417$lBLL01$h1725
=CAT  \\$aWR13.144/5$c20140418$lBLL01$h1049
=CAT  \\$a14185$b40$c20221208$lBLL01$h0947
=FIN  \\$aY$d20131128
=LKR  \\$aPAR$lBLL01$r776$b004813328$mTown plan of Cambrai.$nTown plan of Cambrai.
=DGM  \\$a004813328$bCatBridge variable field
=DRT  \\$aWW1
=SRC  \\$aWW1$bEuropeana_Collections_1914-1918_20131113_1
=OHC  \\$a1
=LAS  \\$a14185$b40$c20221208$lBLL01$h0947

