=LDR  02036cem a22005173u 4500
=001  016553215
=003  Uk
=005  20221209081304.0
=007  cr\mn\024mpada
=007  a|||||||
=008  940106|1914\\\\enk||||||\u\\||s|\||eng\\
=FMT  \\$a  MP
=019  4\$am060286040
=034  1\$aa$b250000$dE0024403$eE0003848$fN0502854$gN0050601$2bound
=040  \\$aUk$cUk
=052  7\$a912.44$2ddc
=245  00$aNorth West Europe.$nSheet 4.
=255  \\$aScale 1:250,000 ... or 1.014 inches to 4 miles$c(E 2°16'03"--E 4°50'50"/N 50°35'03"--N 49°21'22").
=260  \\$a[London] :$bGeographical Section, General Staff,$c1914-1917.
=300  \\$c730 x 545 mm.
=336  \\$acartographic image$2rdacontent
=337  \\$acomputer$2rdamedia
=338  \\$aonline$2rdacarrier
=520  \\$aMap showing Allied progress on the front between Arras and the Aisne. Allied line 1st July, 1916, 24th February, [and] 28th March, 1917.
=650  \0$aWorld War, 1914-1918$xCampaigns$zWestern Front.
=651  \7$aFRANCE.$xMilitary art and science -$vMaps and charts$y1914-1917.$2blmlsh
=655  \4$aMap
=859  \\$aXLD$bWW1
=852  4\$aBritish Library$bMAPS$cDRT$jDigital Store Maps C.14.g.8.
=985  \\$aUpgraded from BL georeferencer data 2022-12-06.
=985  \\$aCorrected by MS generated file for WR# 12.037
=985  \\$aEnhanced by MS generated file for WR# 13/021
=985  \\$aEnhanced by MS generated file for WR# 13/054
=CAT  \\$aBATCH-DCW$b00$c20131128$lBLL01$h0143
=CAT  \\$aWR14_014$c20140224$lBLL01$h0839
=CAT  \\$aWR14.046$c20140417$lBLL01$h1725
=CAT  \\$aWR13.144/5$c20140418$lBLL01$h1049
=CAT  \\$a14185$b40$c20221208$lBLL01$h1539
=CAT  \\$a14185$b40$c20221209$lBLL01$h0813
=FIN  \\$aY$d20131128
=LKR  \\$aPAR$lBLL01$r776$b004844372$mNorth West Europe.$nNorth West Europe.
=DGM  \\$a004844372$bCatBridge variable field
=DRT  \\$aWW1
=SRC  \\$aWW1$bEuropeana_Collections_1914-1918_20131113_1
=OHC  \\$a1
=LAS  \\$a14185$b40$c20221209$lBLL01$h0813

