=LDR  01571 em a22004453u 4500
=001  016553219
=003  Uk
=005  20131128014323.0
=007  cr\mn\024mpada
=007  a|||||||
=008  940112|1916\\\\enk||||||\u\\||s|\||eng\\
=FMT  \\$a  MP
=019  4\$am120391090
=040  \\$aUk$cUk
=052  7\$a912.44$2ddc
=245  00$aPanorama looking N.E. from Le Rossignol.
=260  \\$a[London] :$b[Geographical Section, General Staff],$c1916.
=300  \\$c630 x 210 mm.
=336  \\$acartographic image$2rdacontent
=337  \\$acomputer$2rdamedia
=338  \\$aonline$2rdacarrier
=650  \0$aWorld War, 1914-1918$xCampaigns$zWestern Front.
=651  \7$aROSSIGNOL, Pas-de-Calais, France -$vViews$y1916.$2blmlsh
=655  \4$aMap
=859  \\$aXLD$bWW1
=852  4\$aBritish Library$bMAPS$cDRT$jDigital Store Maps C.14.a.9.
=985  \\$aCorrected by MS generated file for WR# 12.037
=985  \\$aEnhanced by MS generated file for WR# 13/021
=985  \\$aEnhanced by MS generated file for WR# 13/054
=CAT  \\$aBATCH-DCW$b00$c20131128$lBLL01$h0143
=CAT  \\$aWR14_014$c20140224$lBLL01$h0839
=CAT  \\$aWR14.046$c20140417$lBLL01$h1725
=CAT  \\$aWR13.144/5$c20140418$lBLL01$h1049
=FIN  \\$aY$d20131128
=LKR  \\$aPAR$lBLL01$r776$b004920875$mPanorama looking N.E. from Le Rossignol.$nPanorama looking N.E. from Le Rossignol.
=DGM  \\$a004920875$bCatBridge variable field
=DRT  \\$aWW1
=SRC  \\$aWW1$bEuropeana_Collections_1914-1918_20131113_1
=OHC  \\$a1
=LAS  \\$aWR13.144/5$b00$c20140418$lBLL01$h1049

