=LDR  01761cem a22005053u 4500
=001  016553220
=003  Uk
=005  20221208093755.0
=007  cr\mn\024mpada
=007  a|||||||
=008  940114s1917\\\\enk||||||\a\\||\|\||eng\\
=FMT  \\$a  MP
=019  4\$am140208062
=034  1\$aa$b5000
=040  \\$aUk$cUk
=052  7\$a912.4931$2ddc
=245  00$aMap no. 9. Thielt. Town plan.
=255  \\$aScale 1:5,000.
=264  \1$a[London] :$b[Geographical Section, General Staff],$c1917.
=300  \\$a1 map ;$c420 x 330 mm.
=336  \\$acartographic image$2rdacontent
=337  \\$acomputer$2rdamedia
=338  \\$aonline$2rdacarrier
=650  \0$aWorld War, 1914-1918$xCampaigns$zWestern Front.
=651  \7$aTHIELT, West Flanders (Town)$y1917.$2blmlsh
=655  \4$aMap
=776  0\$tMap no. 9. Thielt. Town plan.$w(Uk)004943756
=859  \\$aXLD$bWW1
=852  4\$aBritish Library$bMAPS$cDRT$jDigital Store Maps C.14.b.16.
=985  \\$aCorrected by MS generated file for WR# 12.037
=985  \\$aEnhanced by MS generated file for WR# 13/021
=985  \\$aEnhanced by MS generated file for WR# 13/054
=985  \\$aUpgraded from BL georeferencer data 2022-12-06.
=CAT  \\$aBATCH-DCW$b00$c20131128$lBLL01$h0143
=CAT  \\$aWR14_014$c20140224$lBLL01$h0839
=CAT  \\$aWR14.046$c20140417$lBLL01$h1725
=CAT  \\$aWR13.144/5$c20140418$lBLL01$h1049
=CAT  \\$a14185$b40$c20221208$lBLL01$h0937
=FIN  \\$aY$d20131128
=LKR  \\$aPAR$lBLL01$r776$b004943756$mMap no. 9. Thielt. Town plan.$nMap no. 9. Thielt. Town plan.
=DGM  \\$a004943756$bCatBridge variable field
=DRT  \\$aWW1
=SRC  \\$aWW1$bEuropeana_Collections_1914-1918_20131113_1
=OHC  \\$a1
=LAS  \\$a14185$b40$c20221208$lBLL01$h0937

