=LDR  02017cem a2200541 a 4500
=001  016553222
=003  Uk
=005  20230726140803.0
=007  cr\mn\024mpada
=007  aj\canzn
=008  120719s1918\\\\xxka|||||\a\\\\\0\\\eng|\
=FMT  \\$a  MP
=034  1\$aa$b10000$dE0025534$eE0003306$fN0505650$gN0505349$2bound
=040  \\$aUk$beng$cUk
=082  04$a912.49312$223
=110  1\$aGreat Britain.$bWar Office.$bGeneral Staff.$bGeographical Section.
=245  10$aTarget map no. 1.
=255  \\$aScale 1:10,000$c(E 2°55'34"--E 3°3'06"/N 50°56'50"--N 50°53'49").
=264  \1$a[Place of publication not identified] :$bField Survey Coy. R.E. 8082,$c1918.
=300  \\$a1 map :$bcolour
=336  \\$acartographic image$2rdacontent
=337  \\$acomputer$2rdamedia
=338  \\$aonline$2rdacarrier
=500  \\$aRelief shown by contour lines.
=500  \\$aShows approximate British Front Line as at 5/1/18.
=500  \\$aShows area immediately north and north west of Passchendaele, Belgium.
=650  \0$aWorld War, 1914-1918$xTrench Warfare$vMaps.
=650  \0$aWorld War, 1914-1918$xTrench warfare.
=651  \0$aWest Flanders (Belgium)$vMaps.
=655  \0$aMaps
=655  \4$aMap
=776  0\$tTarget map no. 1.$w(Uk)016128607
=859  \\$aXLD$bWW1
=852  4\$cDRT$jDigital Store Maps C.14.C.214.$aBritish Library$bMAPS
=985  \\$aUpgraded from BL georeferencer data 2022-12-06.
=CAT  \\$aBATCH-DCW$b00$c20131128$lBLL01$h0143
=CAT  \\$aWR14.046$c20140417$lBLL01$h1725
=CAT  \\$aWR13.144/5$c20140418$lBLL01$h1049
=CAT  \\$aBATCH-UPD$b00$c20150520$lBLL01$h1025
=CAT  \\$a14185$b40$c20221208$lBLL01$h1031
=CAT  \\$a8874$b40$c20230726$lBLL01$h1408
=FIN  \\$aY$d20131128
=LKR  \\$aPAR$lBLL01$r776$b016128607$mTarget map no. 1.$nTarget map no. 1.
=DGM  \\$a016128607$bCatBridge variable field
=DRT  \\$aWW1
=SRC  \\$aWW1$bEuropeana_Collections_1914-1918_20131113_1
=OHC  \\$a1
=LAS  \\$a8874$b40$c20230726$lBLL01$h1408

