=LDR  02180cem a2200553 a 4500
=001  016553223
=003  Uk
=005  20230726140701.0
=007  cr\mn\024mpada
=007  aj\canzn
=008  120719s1917\\\\xxk||||||\a\\\\\0\\\eng|\
=FMT  \\$a  MP
=034  1\$aa$b10000$dE0025956$eE0003440$fN0505506$gN0505254$2bound
=040  \\$aUk$beng$cUk
=082  04$a912.49312$223
=110  1\$aGreat Britain.$bWar Office.$bGeneral Staff.$bGeographical Section.
=245  10$aMap showing wet areas on Passchendaele front.
=255  \\$aScale 1:10,000$c(E 2°59'56"--E 3°4'40"/N 50°55'06"--N 50°52'54").
=264  \1$a[Place of publication not identified] :$bF.S.C. 7861,$c1917.
=300  \\$a1 map :$bcolour
=336  \\$acartographic image$2rdacontent
=337  \\$acomputer$2rdamedia
=338  \\$aonline$2rdacarrier
=500  \\$aGerman trenches corrected to 8-11-17.
=500  \\$aTitle of base sheet: Passchendaele Station. Parts of Sheets 20 & 28.
=500  \\$aMap labels include: 'Wet', 'Very Wet', 'Flooded ponds of swamps'.
=650  \0$aWorld War, 1914-1918$xTrench Warfare$vMaps.
=650  \0$aWorld War, 1914-1918$xTrench warfare.
=651  \0$aPassendale (Belgium)$vMaps.
=655  \0$aMaps.
=655  \4$aMap
=776  0\$tMap showing wet areas on Passchendaele front.$w(Uk)016128652
=859  \\$aXLD$bWW1
=852  4\$cDRT$jDigital Store Maps C.14.c.252.$aBritish Library$bMAPS
=985  \\$aUpgraded from BL georeferencer data 2022-12-06.
=CAT  \\$aBATCH-DCW$b00$c20131128$lBLL01$h0143
=CAT  \\$aWR14.046$c20140417$lBLL01$h1725
=CAT  \\$aWR13.144/5$c20140418$lBLL01$h1049
=CAT  \\$aBATCH-UPD$b00$c20150520$lBLL01$h1025
=CAT  \\$a14185$b40$c20221208$lBLL01$h1034
=CAT  \\$a14185$b40$c20221208$lBLL01$h1035
=CAT  \\$a8874$b40$c20230726$lBLL01$h1407
=FIN  \\$aY$d20131128
=LKR  \\$aPAR$lBLL01$r776$b016128652$mMap showing wet areas on Passchendaele front.$nMap showing wet areas on Passchendaele front.
=DGM  \\$a016128652$bCatBridge variable field
=DRT  \\$aWW1
=SRC  \\$aWW1$bEuropeana_Collections_1914-1918_20131113_1
=OHC  \\$a1
=LAS  \\$a8874$b40$c20230726$lBLL01$h1407

