=LDR  02099cem a2200553 a 4500
=001  016553224
=003  Uk
=005  20230726140813.0
=007  cr\mn\024mpada
=007  aj\canzn
=008  120719s1918\\\\xxka|||||\a\\\\\0\\\eng|\
=FMT  \\$a  MP
=034  1\$aa$b10000$dE0024820$eE0025302$fN0502831$gN0502614$2bound
=040  \\$aUk$beng$cUk
=082  04$a912.4427$223
=110  1\$aGreat Britain.$bWar Office.$bGeneral Staff.$bGeographical Section.
=245  10$aGrand Trunk.
=255  \\$aScale 1:10,000$c(E 2°48'20"--E 2°53'02"/N 50°28'31"--N 50°26'14").
=264  \1$a[Place of publication not identified] :$bField Survey Co. R.E. 5695,$c1918.
=300  \\$a1 map :$bcolour
=336  \\$acartographic image$2rdacontent
=337  \\$acomputer$2rdamedia
=338  \\$aonline$2rdacarrier
=500  \\$aCovers area north east of Lens, west of Annay in the Nord-Pas-de-Calais region, northern France.
=500  \\$aIn upper margin: "Hostile Trench Mortar Map A.I. Corrected to 10/1/18"
=500  \\$aRelief shown by contour lines.
=500  \\$aShows positions of German trench mortars.
=650  \0$aWorld War, 1914-1918$xTrench Warfare$vMaps.
=650  \0$aWorld War, 1914-1918$xTrench warfare.
=651  \0$aNord-Pas-de-Calais (France)$vMaps.
=655  \0$aMaps
=655  \4$aMap
=776  0\$tGrand Trunk.$w(Uk)016128666
=859  \\$aXLD$bWW1
=852  4\$cDRT$jDigital Store Maps C.14.C.119.$aBritish Library$bMAPS
=985  \\$aUpgraded from BL georeferencer data 2022-12-06.
=CAT  \\$aBATCH-DCW$b00$c20131128$lBLL01$h0143
=CAT  \\$aWR14.046$c20140417$lBLL01$h1725
=CAT  \\$aWR13.144/5$c20140418$lBLL01$h1049
=CAT  \\$a8871$b40$c20150430$lBLL01$h0835
=CAT  \\$a14185$b40$c20221208$lBLL01$h1028
=CAT  \\$a8874$b40$c20230726$lBLL01$h1408
=FIN  \\$aY$d20131128
=LKR  \\$aPAR$lBLL01$r776$b016128666$mGrand Trunk.$nGrand Trunk.
=DGM  \\$a016128666$bCatBridge variable field
=DRT  \\$aWW1
=SRC  \\$aWW1$bEuropeana_Collections_1914-1918_20131113_1
=OHC  \\$a1
=LAS  \\$a8874$b40$c20230726$lBLL01$h1408

