=LDR  02102cem a2200577 a 4500
=001  016553225
=003  Uk
=005  20230726140711.0
=007  cr\mn\024mpada
=007  aj\canzn
=008  120719s1917\\\\xxkag||||\a\\\\\0\\\eng|\
=FMT  \\$a  MP
=034  1\$aa$dE0025741$eE0003223$fN0505255$gN0505039$2bound
=040  \\$aUk$beng$cUk
=082  04$a912.49312$223
=110  1\$aGreat Britain.$bWar Office.$bGeneral Staff.$bGeographical Section.
=245  10$aBacelaere.
=250  \\$aEdition 1b.
=255  \\$aScale 1:10,000$c(E 2°57'41"--E 3°2'23"/N 50°52'55"--N 50°50'39").
=264  \1$a[Place of publication not identified] :$bF.S. Co. 1312 ,$c1917.
=300  \\$a1 map :$bcolour
=336  \\$acartographic image$2rdacontent
=337  \\$acomputer$2rdamedia
=338  \\$aonline$2rdacarrier
=500  \\$aGerman Trenches corrected to 16-10-17.
=500  \\$aPart of sheet 28.
=500  \\$aRelief shown by contour lines and spot heights.
=500  \\$aShows German trenches in red but very little of British lines: 'Approx. British front line'.
=650  \0$aWorld War, 1914-1918$xTrench Warfare$vMaps.
=650  \0$aWorld War, 1914-1918$xTrench warfare.
=651  \0$aBecelaere (Belgium)$vMaps.
=655  \0$aMaps
=655  \4$aMap
=776  0\$tBacelaere.$w(Uk)016128685
=859  \\$aXLD$bWW1
=852  4\$cDRT$jDigital Store Maps C.14.C.53.$aBritish Library$bMAPS
=985  \\$aUpgraded from BL georeferencer data 2022-12-06.
=CAT  \\$aBATCH-DCW$b00$c20131128$lBLL01$h0143
=CAT  \\$aWR14.046$c20140417$lBLL01$h1725
=CAT  \\$aWR13.144/5$c20140418$lBLL01$h1049
=CAT  \\$aBATCH-UPD$b00$c20150520$lBLL01$h1025
=CAT  \\$a14185$b40$c20221208$lBLL01$h1049
=CAT  \\$a14185$b40$c20221208$lBLL01$h1050
=CAT  \\$a8874$b40$c20230726$lBLL01$h1407
=FIN  \\$aY$d20131128
=LKR  \\$aPAR$lBLL01$r776$b016128685$mBacelaere.$nBacelaere.
=DGM  \\$a016128685$bCatBridge variable field
=DRT  \\$aWW1
=SRC  \\$aWW1$bEuropeana_Collections_1914-1918_20131113_1
=OHC  \\$a1
=LAS  \\$a8874$b40$c20230726$lBLL01$h1407

