=LDR  01877 cm a22004817  4500
=001  016553227
=003  Uk
=005  20210506151549.0
=007  cr\mn\024mpada
=008  930329s1916\\\\enk|||\|s||||||||\\\eng\|
=FMT  \\$a  MU
=019  d\$aga02660273
=040  \\$aUk$cUk
=082  14$a780$215
=100  1\$aRawlings, Alfred,$d-1924.
=245  10$aWhen the Boys come Home. March on ... W. H. Jude's ... Song (Home, Boys, Home). [P. F.]
=264  \1$aLondon :$bReid Bros,$c1916.
=300  \\$c(folio)
=336  \\$anotated music$2rdacontent
=337  \\$acomputer$2rdamedia
=338  \\$aonline$2rdacarrier
=340  \\$mfolio$2rdabf
=700  1\$aJude, W. H.$q(William Herbert),$d1851-1922.
=859  \\$aXLD$bWW1
=883  0\$aLanguage codes assigned by Bayesian analysis of words present in record$d20210115$qUk$c0.9450
=852  4\$cDRT$jDigital Store h.3284.ww.(12.)$aBritish Library$bMUSIC
=985  \\$aCorrected by MS generated file for WR# 12.037
=985  \\$aRecord amended for WR# 13/070
=985  \\$aCorrected by MS generated file for WR# 1805-0738
=CAT  \\$aBATCH-DCW$b00$c20131128$lBLL01$h0159
=CAT  \\$aWR14.046$c20140417$lBLL01$h1725
=CAT  \\$aWR13.144/5$c20140418$lBLL01$h1049
=CAT  \\$aWR15_100$c20150811$lBLL01$h0328
=CAT  \\$a1805-0738$c20181228$lBLL01$h1834
=CAT  \\$a1805-0738$b00$c20181228$lBLL01$h1918
=CAT  \\$aW2102-0046$b00$c20210506$lBLL01$h1515
=FIN  \\$aY$d20131128
=LKR  \\$aPAR$lBLL01$r776$b004632014$mWhen the Boys come Home. March on ... W. H. Jude's ... Song (Home, Boys, Home). [P. F.]$nWhen the Boys come Home. March on ... W. H. Jude's ... Song (Home, Boys, Home). [P. F.]
=DGM  \\$a004632014$bCatBridge variable field
=DRT  \\$aWW1
=SRC  \\$aWW1$bEuropeana_Collections_1914-1918_20131114_1
=OHC  \\$a1
=LAS  \\$aW2102-0046$b00$c20210506$lBLL01$h1515

