=LDR  01805 am a2200505ua 4500
=001  016553229
=003  Uk
=005  20180905142859.0
=007  cr\mn\024mpada
=008  880720s2013\\\\fr\nnn\|\\\\\|s\\\infre\\
=FMT  \\$a  VM
=019  x\$a1034000039
=019  x\$a1034000047
=019  x\$a1034000071
=040  \\$aUk$cUk$dUk
=041  0\$afre$aeng
=245  03$a[A collection of British and French War Posters, 1914-1919].
=264  \1$a[London] :$b[British Library],$c[2013]
=300  \\$a1 online resource.
=336  \\$astill image$2rdacontent
=337  \\$acomputer$2rdamedia
=338  \\$aonline$2rdacarrier
=611  27$aWorld War (1914-1918)$2fast$0(OCoLC)fst01180746
=648  \7$a1914-1918.$2fast$0(OCoLC)fst01355873
=651  \7$aFrance.$2fast$0(OCoLC)fst01204289
=655  \7$aPosters.$2fast$0(OCoLC)fst01423847
=859  \\$aXLD$bWW1
=852  4\$aBritish Library$bHMNTS$cDRT$jDigital Store Tab.11748.a
=CAT  \\$aBATCH-DCW$b00$c20131128$lBLL01$h0159
=CAT  \\$aWR14.046$c20140417$lBLL01$h1725
=CAT  \\$aWR13.144/5$c20140418$lBLL01$h1049
=CAT  \\$aBATCH-RIGH$c20170607$lBLL01$h1816
=CAT  \\$aR1706-1834$c20170629$lBLL01$h1227
=CAT  \\$a6550$b40$c20180703$lBLL01$h1223
=CAT  \\$a6550$b40$c20180905$lBLL01$h1252
=CAT  \\$a6550$b40$c20180905$lBLL01$h1406
=CAT  \\$a6550$b40$c20180905$lBLL01$h1410
=CAT  \\$a6550$b40$c20180905$lBLL01$h1428
=FIN  \\$aY$d20131128
=LKR  \\$aPAR$lBLL01$r776$b001174623$m[A collection of British and French War Posters, 1914-1919].$n[A collection of British and French War Posters, 1914-1919].
=DGM  \\$a001174623$bCatBridge variable field
=DRT  \\$aWW1
=SRC  \\$aWW1$bEuropeana_Collections_1914-1918_20131114_1
=OHC  \\$a1
=LAS  \\$a6550$b40$c20180905$lBLL01$h1428

