=LDR  01715 am a22004693  4500
=001  016553230
=003  Uk
=005  20200626182919.0
=007  cr\mn\024mpada
=008  910213|1918|||||||\\\\|s\\\\||||\||eng\\
=FMT  \\$a  BK
=019  x\$a2850770094
=040  \\$aUk$cUk
=110  1\$aRussia [Union of Soviet Socialist Republics]
=240  10$aMiscellaneous Official Publications
=245  13$a[A Collection of posters issued by the Soviet government.]
=264  \1$aМосква,$c[1918-21]
=300  \\$c(folio)
=336  \\$atext$2rdacontent
=337  \\$acomputer$2rdamedia
=338  \\$aonline$2rdacarrier
=859  \\$aXLD$bWW1
=852  4\$aBritish Library$bHMNTS$cDRT$jDigital Store Cup.645.a.6
=985  \\$aUpgraded by BSS-generated file for WR1910-0531
=CAT  \\$aBATCH-DCW$b00$c20131128$lBLL01$h0159
=CAT  \\$aWR11_211$c20140403$lBLL01$h1654
=CAT  \\$aBLSS-CORR$b00$c20140403$lBLL01$h1705
=CAT  \\$aWR14.046$c20140417$lBLL01$h1725
=CAT  \\$aWR13.144/5$c20140418$lBLL01$h1049
=CAT  \\$aBATCH-RIGH$c20170607$lBLL01$h1816
=CAT  \\$aR1706-1834$c20170629$lBLL01$h1227
=CAT  \\$a1805-0738$c20181228$lBLL01$h1834
=CAT  \\$a1805-0738$b00$c20181228$lBLL01$h1918
=CAT  \\$aW1910-0531$b00$c20200417$lBLL01$h1846
=CAT  \\$aW2001-2376$c20200626$lBLL01$h1829
=FIN  \\$aY$d20131128
=LKR  \\$aPAR$lBLL01$r776$b003196811$m[A Collection of posters issued by the Soviet government.]$n[A Collection of posters issued by the Soviet government.]
=DGM  \\$a003196811$bCatBridge variable field
=DRT  \\$aWW1
=SRC  \\$aWW1$bEuropeana_Collections_1914-1918_20131114_1
=OHC  \\$a1
=LAS  \\$aW2001-2376$b00$c20200626$lBLL01$h1829

