=LDR  01690 am a22004333a 4500
=001  016553232
=003  Uk
=005  20131128015912.0
=007  cr\mn\024mpada
=008  030416|1916\\\\fr\\\\\|s\\\\||||\||eng\\
=FMT  \\$a  BK
=019  4\$am020562047
=040  \\$aUk$cUk
=052  7\$a912.493$2ddc
=245  00$aDiagram in perspective to illustrate control of water in water-ways area Ghent-Bruges-Ostend.
=260  \\$a[France] :$b1st Printing Co., R.E., G.H.Q.,$c[1916]
=300  \\$c510 x 225 mm.
=336  \\$atext$2rdacontent
=337  \\$acomputer$2rdamedia
=338  \\$aonline$2rdacarrier
=650  \0$aWorld War, 1914-1918$xCampaigns$zWestern Front.
=651  \7$aBELGIUM.$xHydrography -$vMaps and charts$y1916.$2blmlsh
=655  \4$aMap
=859  \\$aXLD$bWW1
=852  4\$cDRT$jDigital Store Maps 31025.(6.)$aBritish Library$bMAPS
=985  \\$aCorrected by MS generated file for WR# 12.037
=985  \\$aEnhanced by MS generated file for WR# 13/021
=985  \\$aEnhanced by MS generated file for WR# 13/054
=CAT  \\$aBATCH-DCW$b00$c20131128$lBLL01$h0159
=CAT  \\$aWR14_014$c20140224$lBLL01$h0839
=CAT  \\$aWR14.046$c20140417$lBLL01$h1725
=CAT  \\$aWR13.144/5$c20140418$lBLL01$h1049
=FIN  \\$aY$d20131128
=LKR  \\$aPAR$lBLL01$r776$b004801867$mDiagram in perspective to illustrate control of water in water-ways area Ghent-Bruges-Ostend.$nDiagram in perspective to illustrate control of water in water-ways area Ghent-Bruges-Ostend.
=DGM  \\$a004801867$bCatBridge variable field
=DRT  \\$aWW1
=SRC  \\$aWW1$bEuropeana_Collections_1914-1918_20131114_1
=OHC  \\$a1
=LAS  \\$aWR13.144/5$b00$c20140418$lBLL01$h1049

