=LDR  02304cem a22005893u 4500
=001  016553233
=003  Uk
=005  20221213145914.0
=007  cr\mn\024mpada
=007  a|||||||
=008  940102s1915\\\\enk||||||\a\\||\|\||eng\\
=FMT  \\$a  MP
=019  4\$am020565062
=034  1\$aa$b40000$dE0024403$eE0003848$fN0502854$gN0050601$2bound
=040  \\$aUk$cUk
=052  7\$a912.493$2ddc
=245  00$aOstende. GSGS 2743.
=255  \\$aScale 1:40,000$c(E 2°42'26"--E 3°10'13"/N 51°16'02"--N 51°4'56").
=264  \1$a[London] :$b[Geographical Section, General Staff],$c[approximately 1915?]
=300  \\$a1 map on one sheet ;$c800 x 505 mm.
=336  \\$acartographic image$2rdacontent
=337  \\$acomputer$2rdamedia
=338  \\$aonline$2rdacarrier
=490  0\$aGSGS 2743 ;$vSheet 12
=500  \\$aFirst World War map of Ostende. Grid maps with 'Revised system of squaring' in top margin. Improved squaring for artillery.
=650  \0$aWorld War, 1914-1918$xCampaigns$zWestern Front.
=651  \7$aBELGIUM.$xMilitary art and science -$vMaps and charts$y1915-1918.$2blmlsh
=655  \4$aMap
=776  0\$tOstende. GSGS 2743.$w(Uk)004801909
=859  \\$aXLD$bWW1
=852  4\$aBritish Library$bMAPS$cDRT$jDigital Store Maps C.14.o.12
=985  \\$aUpgraded from BL georeferencer data 2022-12-06.
=985  \\$aCorrected by MS generated file for WR# 12.037
=985  \\$aEnhanced by MS generated file for WR# 13/021
=985  \\$aEnhanced by MS generated file for WR# 13/054
=CAT  \\$aBATCH-DCW$b00$c20131128$lBLL01$h0159
=CAT  \\$aWR14_014$c20140224$lBLL01$h0839
=CAT  \\$aWR14.046$c20140417$lBLL01$h1725
=CAT  \\$aWR13.144/5$c20140418$lBLL01$h1049
=CAT  \\$a14185$b40$c20221208$lBLL01$h1539
=CAT  \\$a14185$b40$c20221209$lBLL01$h0811
=CAT  \\$a14185$b40$c20221209$lBLL01$h0812
=CAT  \\$a14185$b40$c20221213$lBLL01$h1449
=CAT  \\$a14185$b40$c20221213$lBLL01$h1449
=CAT  \\$a14185$b40$c20221213$lBLL01$h1459
=FIN  \\$aY$d20131128
=LKR  \\$aPAR$lBLL01$r776$b004801909$mOstende. GSGS 2743.$nOstende. GSGS 2743.
=DGM  \\$a004801909$bCatBridge variable field
=DRT  \\$aWW1
=SRC  \\$aWW1$bEuropeana_Collections_1914-1918_20131114_1
=OHC  \\$a1
=LAS  \\$a14185$b40$c20221213$lBLL01$h1459

