=LDR  02342cem a22005653u 4500
=001  016553234
=003  Uk
=005  20221209081135.0
=007  cr\mn\024mpada
=007  a|||||||
=008  940102|1915\\\\|||||||||\u\\||s|\||eng\\
=FMT  \\$a  MP
=019  4\$am020565143
=034  1\$aa$b10000$dE0024403$eE0003848$fN0502854$gN0050601$2bound
=040  \\$aUk$cUk
=052  7\$a912.493$2ddc
=245  00$aTrench maps [of the battle front in France and Belgium, showing trenches, wire entanglement, etc.].
=255  \\$aScale 1:10,000$c(E 2°50'08"--E 2°56'59"/N 50°51'37"--N 50°48'49").
=260  \\$c1915-1918.
=300  \\$c800 x 505 mm.
=336  \\$acartographic image$2rdacontent
=337  \\$acomputer$2rdamedia
=338  \\$aonline$2rdacarrier
=500  \\$aWith a glossary printed on the back of the sheets.
=500  \\$aSheets 28. N.W.4.
=500  \\$aYpres. Trenches corrected from information received up to 13.7.18.
=555  0\$aIndex available in Maps Reading Room, Maps Index 10.
=650  \0$aWorld War, 1914-1918$xCampaigns$zWestern Front.
=650  \0$aWorld War, 1914-1918$xTrench warfare.
=651  \7$aBELGIUM.$xMilitary art and science -$vMaps and charts$y1915-1918.$2blmlsh
=655  \4$aMap
=859  \\$aXLD$bWW1
=852  4\$cDRT$jDigital Store Maps C.14.h-k.$aBritish Library$bMAPS
=985  \\$aUpgraded from BL georeferencer data 2022-12-06.
=985  \\$aCorrected by MS generated file for WR# 12.037
=985  \\$aEnhanced by MS generated file for WR# 13/021
=985  \\$aEnhanced by MS generated file for WR# 13/054
=CAT  \\$aBATCH-DCW$b00$c20131128$lBLL01$h0159
=CAT  \\$aWR14_014$c20140224$lBLL01$h0839
=CAT  \\$aWR14.046$c20140417$lBLL01$h1725
=CAT  \\$aWR13.144/5$c20140418$lBLL01$h1049
=CAT  \\$a14185$b40$c20221208$lBLL01$h1539
=CAT  \\$a14185$b40$c20221209$lBLL01$h0811
=FIN  \\$aY$d20131128
=LKR  \\$aPAR$lBLL01$r776$b004801917$mTrench maps [of the battle front in France and Belgium, showing trenches, wire entanglement, etc.].$nTrench maps [of the battle front in France and Belgium, showing trenches, wire entanglement, etc.].
=DGM  \\$a004801917$bCatBridge variable field
=DRT  \\$aWW1
=SRC  \\$aWW1$bEuropeana_Collections_1914-1918_20131114_1
=OHC  \\$a1
=LAS  \\$a14185$b40$c20221209$lBLL01$h0811

