=LDR  02449cam a22006013a 4500
=001  016553235
=003  Uk
=005  20221209083016.0
=007  cr\mn\024mpada
=008  990729|1915\\\\enk\\\\|s\\\\||||\||eng\\
=FMT  \\$a  BK
=019  4\$am020566018
=034  1\$aa$b20000$dE0024403$eE0003848$fN0502854$gN0050601$2bound
=040  \\$aUk$cUk
=052  7\$a912.44$2ddc
=052  7\$a912.493$2ddc
=245  00$a[Trench maps of the battle front in] Belgium and parts of France.
=255  \\$aScale 1:20,000$c(E 2°42'49"--E 2°56'41"/N 51°5'06"--N 50°59'31").
=260  \\$a[London] :$b[Geographical Section, General Staff],$c1915-1918.
=300  \\$c800 x 505 mm.
=336  \\$atext$2rdacontent
=337  \\$acomputer$2rdamedia
=338  \\$aonline$2rdacarrier
=500  \\$aTrenches corrected to 25.1.17 and 7.5.17.
=500  \\$aSheet 20.N.W.
=500  \\$aShows trenches, wire entanglement, etc.
=500  \\$aWith a glossary printed on the back of the sheets.
=555  0\$aIndex available in Maps Reading Room, Maps Index 10.
=650  \0$aWorld War, 1914-1918$xCampaigns$zWestern Front.
=650  \0$aWorld War, 1914-1918$xTrench warfare.
=651  \7$aBELGIUM.$xMilitary art and science -$vMaps and charts$y1915-1918.$2blmlsh
=651  \7$aFRANCE.$xMilitary art and science -$vMaps and charts$y1915-1918.$2blmlsh
=655  \4$aMap
=859  \\$aXLD$bWW1
=852  4\$cDRT$jDigital Store Maps C.14.l-n.$aBritish Library$bMAPS
=985  \\$aUpgraded from BL georeferencer data 2022-12-06.
=985  \\$aCorrected by MS generated file for WR# 12.037
=985  \\$aEnhanced by MS generated file for WR# 13/021
=985  \\$aEnhanced by MS generated file for WR# 13/054
=CAT  \\$aBATCH-DCW$b00$c20131128$lBLL01$h0159
=CAT  \\$aWR14_014$c20140224$lBLL01$h0839
=CAT  \\$aWR14.046$c20140417$lBLL01$h1725
=CAT  \\$aWR13.144/5$c20140418$lBLL01$h1049
=CAT  \\$a14185$b40$c20221208$lBLL01$h1540
=CAT  \\$a14185$b40$c20221208$lBLL01$h1617
=CAT  \\$a14185$b40$c20221209$lBLL01$h0830
=FIN  \\$aY$d20131128
=LKR  \\$aPAR$lBLL01$r776$b004801918$m[Trench maps of the battle front in] Belgium and parts of France.$n[Trench maps of the battle front in] Belgium and parts of France.
=DGM  \\$a004801918$bCatBridge variable field
=DRT  \\$aWW1
=SRC  \\$aWW1$bEuropeana_Collections_1914-1918_20131114_1
=OHC  \\$a1
=LAS  \\$a14185$b40$c20221209$lBLL01$h0830

