=LDR  02179cem a22005293u 4500
=001  016553236
=003  Uk
=005  20221209082921.0
=007  cr\mn\024mpada
=007  a|||||||
=008  940102|1915\\\\enk||||||\u\\||s|\||eng\\
=FMT  \\$a  MP
=019  4\$am020567022
=034  1\$aa$b250000$dE0024403$eE0003848$fN0502854$gN0050601$2bound
=040  \\$aUk$cUk
=052  7\$a912.493$2ddc
=245  00$aNorth west Europe [showing] front line, June 27th, 1916.
=255  \\$aScale 1:250,000 ... or 1.014 inches to 4 miles$c(E 2°18'35"--E 4°50'53"/N 51°39'47"--N 50°19'54").
=260  \\$a[London] :$bGeographical Section, General Staff,$c1915-1916.
=300  \\$c730 x 610 mm.
=336  \\$acartographic image$2rdacontent
=337  \\$acomputer$2rdamedia
=338  \\$aonline$2rdacarrier
=500  \\$aFirst World War map of north west Europe. Sheet 1 and part of 4. Showing front line, June 27th, 1916, from Nieuport to Lens.
=650  \0$aWorld War, 1914-1918$xCampaigns$zWestern Front.
=651  \7$aBELGIUM.$xMilitary art and science -$vMaps and charts$y1915-1916.$2blmlsh
=655  \4$aMap
=859  \\$aXLD$bWW1
=852  4\$aBritish Library$bMAPS$cDRT$jDigital Store Maps C.14.g.7.
=985  \\$aUpgraded from BL georeferencer data 2022-12-06.
=985  \\$aCorrected by MS generated file for WR# 12.037
=985  \\$aEnhanced by MS generated file for WR# 13/021
=985  \\$aEnhanced by MS generated file for WR# 13/054
=CAT  \\$aBATCH-DCW$b00$c20131128$lBLL01$h0159
=CAT  \\$aWR14_014$c20140224$lBLL01$h0839
=CAT  \\$aWR14.046$c20140417$lBLL01$h1725
=CAT  \\$aWR13.144/5$c20140418$lBLL01$h1049
=CAT  \\$a14185$b40$c20221208$lBLL01$h1540
=CAT  \\$a14185$b40$c20221208$lBLL01$h1616
=CAT  \\$a14185$b40$c20221209$lBLL01$h0829
=FIN  \\$aY$d20131128
=LKR  \\$aPAR$lBLL01$r776$b004801936$mNorth west Europe [showing] front line, June 27th, 1916.$nNorth west Europe [showing] front line, June 27th, 1916.
=DGM  \\$a004801936$bCatBridge variable field
=DRT  \\$aWW1
=SRC  \\$aWW1$bEuropeana_Collections_1914-1918_20131114_1
=OHC  \\$a1
=LAS  \\$a14185$b40$c20221209$lBLL01$h0829

