=LDR  01995cem a22005173u 4500
=001  016553238
=003  Uk
=005  20221208161445.0
=007  cr\mn\024mpada
=007  a|||||||
=008  940103|1916\\\\enk||||||\u\\||s|\||eng\\
=FMT  \\$a  MP
=019  4\$am030442133
=034  1\$aa$b100000$dE0024403$eE0003848$fN0502854$gN0050601$2bound
=040  \\$aUk$cUk
=052  7\$a912.4933$2ddc
=245  00$aBrussels : map of water supply
=255  \\$aScale 1:100,000 or 1 inch to 1.58 miles$c(E 3°59'47"--E 4°59'55"/N 50°59'59"--N 50°29'49").
=260  \\$a[London] :$b[Geographical Section, General Staff],$c1916.
=300  \\$a1 map ;$c730 x 580 mm.
=336  \\$acartographic image$2rdacontent
=337  \\$acomputer$2rdamedia
=338  \\$aonline$2rdacarrier
=500  \\$aShows location of standpipes, springs, wells etc. Numbered and notated.
=650  \0$aWorld War, 1914-1918$xCampaigns$zWestern Front.
=651  \7$aBRUSSELS (Environs).$xWater supply -$vMaps and charts$y1916.$2blmlsh
=655  \4$aMap
=859  \\$aXLD$bWW1
=852  4\$aBritish Library$bMAPS$cDRT$jDigital Store Maps C.14.g.48.
=985  \\$aUpgraded from BL georeferencer data 2022-12-06.
=985  \\$aCorrected by MS generated file for WR# 12.037
=985  \\$aEnhanced by MS generated file for WR# 13/021
=985  \\$aEnhanced by MS generated file for WR# 13/054
=CAT  \\$aBATCH-DCW$b00$c20131128$lBLL01$h0159
=CAT  \\$aWR14_014$c20140224$lBLL01$h0839
=CAT  \\$aWR14.046$c20140417$lBLL01$h1725
=CAT  \\$aWR13.144/5$c20140418$lBLL01$h1049
=CAT  \\$a14185$b40$c20221208$lBLL01$h1541
=CAT  \\$a14185$b40$c20221208$lBLL01$h1614
=FIN  \\$aY$d20131128
=LKR  \\$aPAR$lBLL01$r776$b004810593$mBrussels : map of water supply$nBrussels : map of water supply
=DGM  \\$a004810593$bCatBridge variable field
=DRT  \\$aWW1
=SRC  \\$aWW1$bEuropeana_Collections_1914-1918_20131114_1
=OHC  \\$a1
=LAS  \\$a14185$b40$c20221208$lBLL01$h1614

