=LDR  02312cem a22005533u 4500
=001  016553239
=003  Uk
=005  20230223161829.0
=007  cr\mn\024mpada
=007  a|||||||
=008  940105m19161918|||||||||\u\\||\|\||eng\\
=FMT  \\$a  MP
=019  4\$am050692062
=040  \\$aUk$cUk
=052  7\$a912.5674$2ddc
=110  1\$aGreat Britain.$bWar Office.$bGeneral Staff.$bGeographical Section.
=245  13$a[A collection of military maps of Mesopotamia ... and the River Euphrates, on various scales].
=264  \1$bWar Office,$c1916-1918.
=300  \\$a365 sheets.
=336  \\$acartographic image$2rdacontent
=337  \\$acomputer$2rdamedia
=338  \\$aonline$2rdacarrier
=650  \0$aWorld War, 1914-1918$xCampaigns.
=651  \7$aEUPHRATES (River).$xMilitary art and science -$vMaps and charts$y1916-1918.$2blmlsh
=655  \7$aMaps.$2fast$0(OCoLC)fst01423704
=776  0\$t[A collection of military maps of Mesopotamia ... and the River Euphrates, on various scales]$w(Uk)004837856
=859  \\$aXLD$bWW1
=852  4\$aBritish Library$bMAPS$cDRT$jDigital Store Maps C.14.s.
=985  \\$aCorrected by BSS-generated file
=985  \\$aCorrected by MS generated file for WR# 12.037
=985  \\$aEnhanced by MS generated file for WR# 13/021
=985  \\$aEnhanced by MS generated file for WR# 13/054
=985  \\$aUpgraded from BL georeferencer data 2022-12-06.
=985  \\$aUpdated by MS generated file for WR2302-017
=CAT  \\$aBATCH-DCW$b00$c20131128$lBLL01$h0159
=CAT  \\$aWR14_014$c20140224$lBLL01$h0839
=CAT  \\$aWR14.046$c20140417$lBLL01$h1725
=CAT  \\$aWR13.144/5$c20140418$lBLL01$h1049
=CAT  \\$a14185$b40$c20221206$lBLL01$h1607
=CAT  \\$a14185$b40$c20221209$lBLL01$h1218
=CAT  \\$a14185$b40$c20221209$lBLL01$h1254
=CAT  \\$aW2302-0174$c20230223$lBLL01$h2000
=FIN  \\$aY$d20131128
=LKR  \\$aPAR$lBLL01$r776$b004837856$m[A collection of military maps of Mesopotamia ... and the River Euphrates, on various scales]$n[A collection of military maps of Mesopotamia ... and the River Euphrates, on various scales]
=DGM  \\$a004837856$bCatBridge variable field
=DRT  \\$aWW1
=SRC  \\$aWW1$bEuropeana_Collections_1914-1918_20131114_1
=OHC  \\$a1
=LAS  \\$aW2302-0174$b00$c20230223$lBLL01$h2000

