=LDR  02067cem a22005173u 4500
=001  016553240
=003  Uk
=005  20221208090905.0
=007  cr\mn\024mpada
=007  a|||||||
=008  940106|1916\\\\enk||||||\u\\||\|\||eng\\
=FMT  \\$a  MP
=019  4\$am060267143
=034  1\$aa$b250000$dE0023845$eE0045100$fN0513635$gN0493545$2bound
=040  \\$aUk$cUk
=052  7\$a912.44$2ddc
=245  00$aWater supply map [of parts of France and Belgium] :$bshowing relative abundance of water during dry summer months.
=255  \\$aScale 1:250,000$c(E 2°38'45"--E 4°51'00"/N 51°36'35"--N 49°35'45").
=264  \1$a[London] :$bWar Office,$c1916.
=300  \\$a1 map ;$c610 x 890 mm.
=336  \\$acartographic image$2rdacontent
=337  \\$acomputer$2rdamedia
=338  \\$aonline$2rdacarrier
=650  \0$aWorld War, 1914-1918$xCampaigns$zWestern Front.
=651  \7$aFRANCE.$xHydrography -$vMaps and charts$y1916.$2blmlsh
=651  \7$aBELGIUM.$xHydrography -$vMaps and charts$y1916.$2blmlsh
=655  \4$aMap
=776  0\$tWater supply map [of parts of France and Belgium].$w(Uk)004844118
=859  \\$aXLD$bWW1
=852  4\$aBritish Library$bMAPS$cDRT$jDigital Store Maps 14317(149)
=985  \\$aCorrected by MS generated file for WR# 12.037
=985  \\$aEnhanced by MS generated file for WR# 13/021
=985  \\$aEnhanced by MS generated file for WR# 13/054
=985  \\$aUpgraded from BL georeferencer data 2022-12-06.
=CAT  \\$aBATCH-DCW$b00$c20131128$lBLL01$h0159
=CAT  \\$aWR14_014$c20140224$lBLL01$h0839
=CAT  \\$aWR14.046$c20140417$lBLL01$h1725
=CAT  \\$aWR13.144/5$c20140418$lBLL01$h1049
=CAT  \\$a14185$b40$c20221208$lBLL01$h0909
=FIN  \\$aY$d20131128
=LKR  \\$aPAR$lBLL01$r776$b004844118$mWater supply map [of parts of France and Belgium]$nWater supply map [of parts of France and Belgium]
=DGM  \\$a004844118$bCatBridge variable field
=DRT  \\$aWW1
=SRC  \\$aWW1$bEuropeana_Collections_1914-1918_20131114_1
=OHC  \\$a1
=LAS  \\$a14185$b40$c20221208$lBLL01$h0909

