=LDR  04193cem a22007453u 4500
=001  016553241
=003  Uk
=005  20230223161829.0
=007  cr\mn\024mpada
=007  a|||||||
=008  940106m19111918enk||||||\c\\||||\||eng\\
=FMT  \\$a  MP
=019  4\$am060268018
=034  1\$3Brussels.$aa$b100000$dE0035949$eE0005013$fN0505958$gN0502912$2bound
=034  1\$3Ghent.$aa$b100000$dE0025819$eE0004349$fN0513034$gN0505846$2bound
=034  1\$3Hazebrouck.$aa$b100000$dE0015946$eE0003020$fN0505954$gN0502956$2bound
=034  1\$3Lille.$aa$b100000$dE0024245$eE0032043$fN0504608$gN0502002$2bound
=034  1\$3Namur.$aa$b100000$dE0035935$eE0005052$fN0503054$gN0495955$2bound
=034  1\$3Ostend.$aa$b100000$dE0022958$eE0003003$fN0511500$gN0504031$2bound
=034  1\$3St Quentin and part of Amiens.$aa$b100000$dE0024446$eE0004220$fN0495957$gN0492924$2bound
=034  1\$3St Quentin.$aa$b100000$dE0025951$eE0004018$fN0050001$gN0492951$2bound
=040  \\$aUk$cUk
=052  7\$a912.44$2ddc
=245  00$aMap of water supply [of the Western Front, in France and Belgium].
=255  \\$aScale of map of Brussels, 1:100,000 or 1 inch to 1.58 miles$c(E 3°59'49"--E 5°0'13"/N 50°59'58"--N 50°29'12").
=255  \\$aScale of map of Ghent, 1:100,000 or 1 inch to 1.58 miles$c(E 2°58'19"--E 4°3'49"/N 51°30'34"--N 50°58'46").
=255  \\$aScale of map of Hazebrouck, 1:100,000 or 1 inch to 1.58 miles$c(E 1°59'46"--E 3°0'20"/N 50°59'54"--N 50°29'56").
=255  \\$aScale of map of Lille, 1:100,000 or 1 inch to 1.58 miles$c(E 2°42'45"--E 3°20'43"/N 50°46'08"--N 50°20'02").
=255  \\$aScale of map of Namur, 1:100,000 or 1 inch to 1.58 miles$c(E 3°59'35"--E 5°0'52"/N 50°30'54"--N 49°59'55").
=255  \\$aScale of map of Ostend, 1:100,000 or 1 inch to 1.58 miles$c(E 2°29'58"--E 3°0'03"/N 51°15'00"--N 50°40'31").
=255  \\$aScale of map of St Quentin and part of Amiens, 1:100,000 or 1 inch to 1.58 miles$c(E 2°44'46"--E 4°2'20"/N 49°59'57"--N 49°29'24").
=255  \\$aScale of map of St Quentin, 1:100,000 or 1 inch to 1.58 miles$c(E 2°59'51"--E 4°0'18"/N 50°0'01"--N 49°29'51").
=260  \\$a[London] :$b[Geographical Section, General Staff],$c1911-1918.
=300  \\$a8 sheets ;$c725 x 585 mm
=336  \\$acartographic image$2rdacontent
=337  \\$acomputer$2rdamedia
=338  \\$aonline$2rdacarrier
=500  \\$aWater supply information overprinted in blue and hand-written in black onto black and white printed base maps.
=505  0\$aBrussels -- Ghent. -- Hazebrouck. -- Lille. -- Namur. -- Ostend. -- St Quentin and part of Amiens. -- St Quentin.
=500  \\$aHazebrouck map stamped in blue: "2nd Army area water supply. Secret.".$5Uk
=650  \0$aWorld War, 1914-1918$xCampaigns$zWestern Front.
=651  \7$aBELGIUM.$xHydrography -$vMaps and charts$y1911-1918.$2blmlsh
=651  \7$aFRANCE.$xHydrography -$vMaps and charts$y1911-1918.$2blmlsh
=655  \7$aMaps.$2fast$0(OCoLC)fst01423704
=776  0\$tMap of water supply [of the Western Front, in France and Belgium].$w(Uk)004844119
=859  \\$aXLD$bWW1
=852  4\$aBritish Library$bMAPS$cDRT$jDigital Store Maps 14317.(160.)
=985  \\$aUpgraded from BL georeferencer data 2022-12-06.
=985  \\$aCorrected by MS generated file for WR# 12.037
=985  \\$aEnhanced by MS generated file for WR# 13/021
=985  \\$aEnhanced by MS generated file for WR# 13/054
=985  \\$aUpdated by MS generated file for WR2302-017
=CAT  \\$aBATCH-DCW$b00$c20131128$lBLL01$h0159
=CAT  \\$aWR14_014$c20140224$lBLL01$h0839
=CAT  \\$aWR14.046$c20140417$lBLL01$h1725
=CAT  \\$aWR13.144/5$c20140418$lBLL01$h1049
=CAT  \\$a14185$b40$c20221213$lBLL01$h1643
=CAT  \\$aW2302-0174$c20230223$lBLL01$h2000
=FIN  \\$aY$d20131128
=LKR  \\$aPAR$lBLL01$r776$b004844119$mMap of water supply [of the Western Front, in France and Belgium].$nMap of water supply [of the Western Front, in France and Belgium].
=DGM  \\$a004844119$bCatBridge variable field
=DRT  \\$aWW1
=SRC  \\$aWW1$bEuropeana_Collections_1914-1918_20131114_1
=OHC  \\$a1
=LAS  \\$aW2302-0174$b00$c20230223$lBLL01$h2000

