=LDR  02459cem a22005413u 4500
=001  016553242
=003  Uk
=005  20221208090817.0
=007  cr\mn\024mpada
=007  a|||||||
=008  940106|1916\\\\enk||||||\u\\||\|\||eng\\
=FMT  \\$a  MP
=019  4\$am060286016
=034  1\$aa$b250000$dE0023910$eE0005807$fN0512939$gN0494214$2bound
=040  \\$aUk$cUk
=052  7\$a912.44$2ddc
=245  00$aMap showing railway system and military organization of the country in the rear of the enemy's lines [in France and Belgium].
=255  \\$aScale 1:250,000$c(E 2°39'10"--E 5°8'07"/N 51°29'39"--N 49°42'14").
=264  \1$a[London] :$b[Geographical Section, General Staff],$c1916.
=300  \\$a1 map ;$c690 x 790 mm.
=336  \\$acartographic image$2rdacontent
=337  \\$acomputer$2rdamedia
=338  \\$aonline$2rdacarrier
=650  \0$aWorld War, 1914-1918$xCampaigns$zWestern Front.
=650  \0$aWorld War, 1914-1918$xTransportation
=651  \7$aFRANCE.$xMilitary art and science -$vMaps and charts$y1916.$2blmlsh
=651  \7$aBELGIUM.$xMilitary art and science -$vMaps and charts$y1916.$2blmlsh
=655  \4$aMap
=776  0\$tMap showing railway system and military organization of the country in the rear of the enemy's lines [in France and Belgium].$w(Uk)004844369
=859  \\$aXLD$bWW1
=852  4\$aBritish Library$bMAPS$cDRT$jDigital Store Maps 14317(146)
=985  \\$aUpgraded from BL georeferencer data 2022-12-06.
=985  \\$aCorrected by MS generated file for WR# 12.037
=985  \\$aEnhanced by MS generated file for WR# 13/021
=985  \\$aEnhanced by MS generated file for WR# 13/054
=CAT  \\$aBATCH-DCW$b00$c20131128$lBLL01$h0159
=CAT  \\$aWR14_014$c20140224$lBLL01$h0839
=CAT  \\$aWR14.046$c20140417$lBLL01$h1725
=CAT  \\$aWR13.144/5$c20140418$lBLL01$h1049
=CAT  \\$a14185$b40$c20221208$lBLL01$h0903
=CAT  \\$a14185$b40$c20221208$lBLL01$h0908
=FIN  \\$aY$d20131128
=LKR  \\$aPAR$lBLL01$r776$b004844369$mMap showing railway system and military organization of the country in the rear of the enemy's lines [in France and Belgium].$nMap showing railway system and military organization of the country in the rear of the enemy's lines [in France and Belgium].
=DGM  \\$a004844369$bCatBridge variable field
=DRT  \\$aWW1
=SRC  \\$aWW1$bEuropeana_Collections_1914-1918_20131114_1
=OHC  \\$a1
=LAS  \\$a14185$b40$c20221208$lBLL01$h0908

