=LDR  02650cem a22005893a 4500
=001  016553243
=003  Uk
=005  20230223161829.0
=007  cr\mn\024mpada
=008  031022s1918\\\\gw\\\\\||\u\\||||\||eng\\
=FMT  \\$a  MP
=019  4\$am060288027
=034  1\$aa$b20000
=034  1\$3Joncourt.$aa$b20000$dE0003823$eE0032239$fN0050037$gN0495506$2bound
=034  1\$3France.$aa$b20000$dE0031157$eE0032526$fN0495516$gN0494941$2bound
=040  \\$aUk$cUk
=052  7\$a912.44$2ddc
=245  00$aDefence of Hindenburg line :$bGerman artillery positions.
=255  \\$aScale of 'Joncourt' sheet, 1:20,000$c(E 3°8'23"--E 3°22'39"/N 50°0'37"--N 49°55'06").
=255  \\$aScale of 'France' sheet, 1:20,000$c(E 3°11'57"--E 3°25'26"/N 49°55'16"--N 49°49'41").
=264  \1$a[France or Germany?] :$bField Survey Bn., R.E. (4315),$c1918.
=300  \\$a5 maps on 5 sheets ;$c845 x 500 mm.
=336  \\$acartographic image$2rdacontent
=337  \\$acomputer$2rdamedia
=338  \\$aonline$2rdacarrier
=500  \\$a1 copy of Joncourt, edition IA, and 4 copies of France. Sheet 62B S.W., edition 4A.$5Uk
=500  \\$a"The information on this map is taken from captured German maps dated 10.2.17".
=500  \\$aMap headed "Joncourt" is dated 8-9-18. Map headed "France" is labelled as G.S.G.S. 2742, with added text in blue "Trenches corrected to 3-2-18".
=650  \0$aWorld War, 1914-1918$xCampaigns$zWestern Front.
=651  \7$aFRANCE.$xMilitary art and science -$vMaps and charts$y1918.$2blmlsh
=655  \7$aMaps.$2fast$0(OCoLC)fst01423704
=776  0\$tDefence of Hindenburg line$w(Uk)004844398
=859  \\$aXLD$bWW1
=852  4\$cDRT$jDigital Store Maps 14317.(171.)$aBritish Library$bMAPS
=985  \\$aCorrected by MS generated file for WR# 12.037
=985  \\$aEnhanced by MS generated file for WR# 13/021
=985  \\$aEnhanced by MS generated file for WR# 13/054
=985  \\$aUpgraded from BL georeferencer data 2022-12-06.
=985  \\$aUpdated by MS generated file for WR2302-017
=CAT  \\$aBATCH-DCW$b00$c20131128$lBLL01$h0159
=CAT  \\$aWR14_014$c20140224$lBLL01$h0839
=CAT  \\$aWR14.046$c20140417$lBLL01$h1725
=CAT  \\$aWR13.144/5$c20140418$lBLL01$h1049
=CAT  \\$a14185$b40$c20221213$lBLL01$h1626
=CAT  \\$aW2302-0174$c20230223$lBLL01$h2000
=FIN  \\$aY$d20131128
=LKR  \\$aPAR$lBLL01$r776$b004844398$mDefence of Hindenburg line$nDefence of Hindenburg line
=DGM  \\$a004844398$bCatBridge variable field
=DRT  \\$aWW1
=SRC  \\$aWW1$bEuropeana_Collections_1914-1918_20131114_1
=OHC  \\$a1
=LAS  \\$aW2302-0174$b00$c20230223$lBLL01$h2000

