=LDR  02553cem a22006493a 4500
=001  016553244
=003  Uk
=005  20221208092343.0
=007  cr\mn\024mpada
=008  000623s1920\\\\enk||||||\a\\||||\||fre\\
=FMT  \\$a  MP
=034  1\$aa$b1000000$dE0134445$eE0241510$fN0492641$gN0443408$2bound
=040  \\$aUk$cUk
=041  \\$afre$aeng
=052  7\$a912.439$2ddc
=245  00$aHongrie.
=255  \\$aÉchelle de 1:1,000,000$c(E 13°44'45"--E 24°15'10"/N 49°26'41"--N 44°34'08").
=264  \1$aLondon :$bH.M. Stationery Office,$c1920.
=300  \\$a1 map ;$c775 x 558 mm.
=336  \\$acartographic image$2rdacontent
=337  \\$acomputer$2rdamedia
=338  \\$aonline$2rdacarrier
=500  \\$aMarked "S.G.A. le 4/6/20".
=500  \\$aMap to accompany "Treaty of peace between the Allied and Associated Powers and Hungary ... June 4, 1920".
=650  \0$aWorld War, 1914-1918.
=651  \7$aHUNGARY.$xAdministrative and political divisions -$vMaps and charts$y1919 (1920).$2blmlsh
=655  \4$aMap
=776  0\$tHongrie.$w(Uk)004861322
=787  0\$tHongrie.$w(Uk)004861321
=859  \\$aXLD$bWW1
=852  4\$cDRT$jDigital Store Maps 5.bb.14.$aBritish Library$bMAPS$3Hongrie. S.G.A. le 4/6/20. Échelle de 1 : 1,000,000
=985  \\$aCorrected by MS generated file for WR# 12.037
=985  \\$aDisaggregated record: Type B
=985  \\$aEnhanced by MS generated file for WR# 13/021
=985  \\$aEnhanced by MS generated file for WR# 13/054
=985  \\$aCorrected by MS generated file for WR# 1805-0738
=985  \\$aUpgraded from BL georeferencer data 2022-12-06.
=CAT  \\$aBATCH-DCW$b00$c20131128$lBLL01$h0159
=CAT  \\$aWR14_014$c20140224$lBLL01$h0839
=CAT  \\$aWR14.046$c20140417$lBLL01$h1725
=CAT  \\$aWR13.144/5$c20140418$lBLL01$h1049
=CAT  \\$a1805-0738$c20181228$lBLL01$h1834
=CAT  \\$a1805-0738$b00$c20181228$lBLL01$h1918
=CAT  \\$aW2001-2376$c20200626$lBLL01$h1829
=CAT  \\$a14185$b40$c20221208$lBLL01$h0921
=CAT  \\$a14185$b40$c20221208$lBLL01$h0921
=CAT  \\$a14185$b40$c20221208$lBLL01$h0921
=CAT  \\$a14185$b40$c20221208$lBLL01$h0921
=CAT  \\$a14185$b40$c20221208$lBLL01$h0923
=FIN  \\$aY$d20131128
=LKR  \\$aPAR$b004861321$r787$lBLL01$mHongrie.$nHongrie.
=LKR  \\$aPAR$r776$lBLL01$b004861322$mHongrie.$nHongrie.
=DGM  \\$a004861322$bCatBridge variable field
=DRT  \\$aWW1
=SRC  \\$aWW1$bEuropeana_Collections_1914-1918_20131114_1
=OHC  \\$a1
=LAS  \\$a14185$b40$c20221208$lBLL01$h0923

