=LDR  02034cec a22005053a 4500
=001  016553245
=003  Uk
=005  20230223161829.0
=007  cr\mn\024mpada
=008  031210m19171918it\||||||\b\\||||\||eng\\
=FMT  \\$a  MP
=019  4\$am071125027
=040  \\$aUk$cUk
=052  7\$a912.45$2ddc
=245  03$a[A collection of maps of the theatre of war in Italy, 1917-18].
=264  \1$a[Italy?] :$b[British Headquarters in Italy],$c[1917-1918]
=300  \\$a37 sheets ;$c375 x 515 mm
=336  \\$acartographic image$2rdacontent
=337  \\$acomputer$2rdamedia
=338  \\$aonline$2rdacarrier
=650  \0$aWorld War, 1914-1918$xCampaigns$zItaly.
=651  \7$aITALY.$xMilitary art and science -$vMaps and charts$y1917-1918.$2blmlsh
=655  \7$aMaps.$2fast$0(OCoLC)fst01423704
=776  0\$t[A collection of maps of the theatre of war in Italy, 1917-18].$w(Uk)004866207
=859  \\$aXLD$bWW1
=852  4\$cDRT$jDigital Store Maps 20603.(33.)$aBritish Library$bMAPS
=985  \\$aCorrected by BSS-generated file
=985  \\$aCorrected by MS generated file for WR# 12.037
=985  \\$aEnhanced by MS generated file for WR# 13/021
=985  \\$aEnhanced by MS generated file for WR# 13/054
=985  \\$aUpgraded from BL georeferencer data 2022-12-06.
=985  \\$aUpdated by MS generated file for WR2302-017
=CAT  \\$aBATCH-DCW$b00$c20131128$lBLL01$h0159
=CAT  \\$aWR14_014$c20140224$lBLL01$h0839
=CAT  \\$aWR14.046$c20140417$lBLL01$h1725
=CAT  \\$aWR13.144/5$c20140418$lBLL01$h1049
=CAT  \\$a14185$b40$c20221214$lBLL01$h1008
=CAT  \\$aW2302-0174$c20230223$lBLL01$h2000
=FIN  \\$aY$d20131128
=LKR  \\$aPAR$lBLL01$r776$b004866207$m[A collection of maps of the theatre of war in Italy, 1917-18].$n[A collection of maps of the theatre of war in Italy, 1917-18].
=DGM  \\$a004866207$bCatBridge variable field
=DRT  \\$aWW1
=SRC  \\$aWW1$bEuropeana_Collections_1914-1918_20131114_1
=OHC  \\$a1
=LAS  \\$aW2302-0174$b00$c20230223$lBLL01$h2000

