=LDR  02065cem a22005173u 4500
=001  016553246
=003  Uk
=005  20221208161413.0
=007  cr\mn\024mpada
=007  a|||||||
=008  940108|1918\\\\|||||||||\u\\||s|\||eng\\
=FMT  \\$a  MP
=019  4\$am080958036
=034  1\$aa$b100000$dE0024403$eE0003848$fN0502854$gN0050601$2bound
=040  \\$aUk$cUk
=052  7\$a912.493$2ddc
=245  00$aThird Army traffic map. June 1918.
=255  \\$aScale 1:100,000 or 1 inch to 1.58 miles.$c(E 1°32'50"--E 2°46'41"/N 50°30'06"--N 49°59'44").
=260  \\$c1918.
=300  \\$c870 x 555 mm.
=336  \\$acartographic image$2rdacontent
=337  \\$acomputer$2rdamedia
=338  \\$aonline$2rdacarrier
=500  \\$aOverprinted on sheet 'Third Army administrative map : parts of Abbeville and Lens'. Shows direction traffic must take, speed of vehicles, where not to take horses and mules.
=650  \0$aWorld War, 1914-1918$xCampaigns$zWestern Front.
=651  \7$aLENS, Belgium (Environs).$xMilitary art and science -$vMaps and charts$y1918.$2blmlsh
=655  \4$aMap
=859  \\$aXLD$bWW1
=852  4\$aBritish Library$bMAPS$cDRT$jDigital Store Maps C.14.g.36.
=985  \\$aUpgraded from BL georeferencer data 2022-12-06.
=985  \\$aCorrected by MS generated file for WR# 12.037
=985  \\$aEnhanced by MS generated file for WR# 13/021
=985  \\$aEnhanced by MS generated file for WR# 13/054
=CAT  \\$aBATCH-DCW$b00$c20131128$lBLL01$h0159
=CAT  \\$aWR14_014$c20140224$lBLL01$h0839
=CAT  \\$aWR14.046$c20140417$lBLL01$h1725
=CAT  \\$aWR13.144/5$c20140418$lBLL01$h1049
=CAT  \\$a14185$b40$c20221208$lBLL01$h1541
=CAT  \\$a14185$b40$c20221208$lBLL01$h1614
=FIN  \\$aY$d20131128
=LKR  \\$aPAR$lBLL01$r776$b004875976$mThird Army traffic map. June 1918.$nThird Army traffic map. June 1918.
=DGM  \\$a004875976$bCatBridge variable field
=DRT  \\$aWW1
=SRC  \\$aWW1$bEuropeana_Collections_1914-1918_20131114_1
=OHC  \\$a1
=LAS  \\$a14185$b40$c20221208$lBLL01$h1614

