=LDR  02068cem a22005413u 4500
=001  016553247
=003  Uk
=005  20221208161313.0
=007  cr\mn\024mpada
=007  a|||||||
=008  940108|1917\\\\enk||||||\u\\||s|\||eng\\
=FMT  \\$a  MP
=019  4\$am081040067
=034  1\$aa$b40000$dE0024403$eE0003848$fN0502854$gN0050601$2bound
=040  \\$aUk$cUk
=052  7\$a912.44$2ddc
=245  00$aBelgium and part of France. Lille defence works.
=250  \\$aFifth edition.
=255  \\$aScale 1:40,000$c(E 2°43'35"--E 3°11'04"/N 50°43'40"--N 50°32'34").
=260  \\$a[London] :$b[Geographical Section, General Staff],$c1917.
=300  \\$c790 x 500 mm.
=336  \\$acartographic image$2rdacontent
=337  \\$acomputer$2rdamedia
=338  \\$aonline$2rdacarrier
=500  \\$aInformation overprinted in red.
=650  \0$aWorld War, 1914-1918$xCampaigns$zWestern Front.
=651  \7$aLILLE, France (Environs).$xMilitary art and science -$vMaps and charts$y1917.$2blmlsh
=655  \4$aMap
=859  \\$aXLD$bWW1
=852  4\$aBritish Library$bMAPS$cDRT$jDigital Store Maps C.14.f.2.
=985  \\$aUpgraded from BL georeferencer data 2022-12-06.
=985  \\$aCorrected by MS generated file for WR# 12.037
=985  \\$aEnhanced by MS generated file for WR# 13/021
=985  \\$aEnhanced by MS generated file for WR# 13/054
=CAT  \\$aBATCH-DCW$b00$c20131128$lBLL01$h0159
=CAT  \\$aWR14_014$c20140224$lBLL01$h0839
=CAT  \\$aWR14.046$c20140417$lBLL01$h1725
=CAT  \\$aWR13.144/5$c20140418$lBLL01$h1049
=CAT  \\$a14185$b40$c20221208$lBLL01$h1542
=CAT  \\$a14185$b40$c20221208$lBLL01$h1613
=CAT  \\$a14185$b40$c20221208$lBLL01$h1613
=FIN  \\$aY$d20131128
=LKR  \\$aPAR$lBLL01$r776$b004876706$mBelgium and part of France. Lille defence works.$nBelgium and part of France. Lille defence works.
=DGM  \\$a004876706$bCatBridge variable field
=DRT  \\$aWW1
=SRC  \\$aWW1$bEuropeana_Collections_1914-1918_20131114_1
=OHC  \\$a1
=LAS  \\$a14185$b40$c20221208$lBLL01$h1613

