=LDR  02075cem a22005533u 4500
=001  016553248
=003  Uk
=005  20221208105814.0
=007  cr\mn\024mpada
=007  a|||||||
=008  940110s1917\\\\enk||||||\u\\||\|\||eng\\
=FMT  \\$a  MP
=019  4\$am100348157
=034  1\$aa$b20000$dE0024403$eE0003848$fN0502854$gN0050601$2bound
=040  \\$aUk$cUk
=052  7\$a912.44$2ddc
=245  00$aNauroy. Special sheet.
=250  \\$aEd. 2B.
=255  \\$aScale 1: 20,000$c(E 3°9'52"--E 3°19'14"/N 50°2'32"--N 49°54'09").
=260  \\$a[London] :$b[Geographical Section, General Staff],$c1917.
=300  \\$c545 x 770 mm
=336  \\$acartographic image$2rdacontent
=337  \\$acomputer$2rdamedia
=338  \\$aonline$2rdacarrier
=500  \\$aDetail and trenches revised to 3-11-17.
=650  \0$aWorld War, 1914-1918$xCampaigns$zWestern Front.
=650  \0$aWorld War, 1914-1918$xTrench warfare.
=651  \7$aNAUROY, France, Department of the Aisne (Environs).$xMilitary art and science -$vMaps and charts$y1917.$2blmlsh
=655  \4$aMap
=776  0\$tNauroy. Special sheet.$w(Uk)004896337
=859  \\$aXLD$bWW1
=852  4\$aBritish Library$bMAPS$cDRT$jDigital Store Maps C.14.d.144
=985  \\$aUpgraded from BL georeferencer data 2022-12-06.
=985  \\$aCorrected by MS generated file for WR# 12.037
=985  \\$aEnhanced by MS generated file for WR# 13/021
=985  \\$aEnhanced by MS generated file for WR# 13/054
=CAT  \\$aBATCH-DCW$b00$c20131128$lBLL01$h0159
=CAT  \\$aWR14_014$c20140224$lBLL01$h0839
=CAT  \\$aWR14.046$c20140417$lBLL01$h1725
=CAT  \\$aWR13.144/5$c20140418$lBLL01$h1049
=CAT  \\$a14185$b40$c20221208$lBLL01$h1057
=CAT  \\$a14185$b40$c20221208$lBLL01$h1058
=FIN  \\$aY$d20131128
=LKR  \\$aPAR$lBLL01$r776$b004896337$mNauroy. Special sheet.$nNauroy. Special sheet.
=DGM  \\$a004896337$bCatBridge variable field
=DRT  \\$aWW1
=SRC  \\$aWW1$bEuropeana_Collections_1914-1918_20131114_1
=OHC  \\$a1
=LAS  \\$a14185$b40$c20221208$lBLL01$h1058

