=LDR  02118cem a22005413u 4500
=001  016553250
=003  Uk
=005  20221208161229.0
=007  cr\mn\024mpada
=007  a|||||||
=008  940113|1916\\\\enk||||||\u\\||s|\||eng\\
=FMT  \\$a  MP
=019  4\$am130549126
=034  1\$aa$b40000$dE0024403$eE0003848$fN0502854$gN0050601$2bound
=040  \\$aUk$cUk
=052  7\$a912.44$2ddc
=245  00$a[Map of the Somme area. Special Trench Maps].
=255  \\$aScale 1:40,000$c(E 2°37'25"--E 3°5'43"/N 50°9'57"--N 49°54'38").
=260  \\$a[London] :$b[Geographical Section, General Staff],$c1916.
=300  \\$a4 sheets ;$c750 x 1040 mm.
=336  \\$acartographic image$2rdacontent
=337  \\$acomputer$2rdamedia
=338  \\$aonline$2rdacarrier
=520  \\$aFirst World War map showing progress in Arras area. December 1916.
=650  \0$aWorld War, 1914-1918$xBattlefields.
=650  \0$aWorld War, 1914-1918$xTrench warfare.
=651  \7$aSOMME, France (Battlefield).$xMilitary art and science -$vMaps and charts$y1916.$2blmlsh
=655  \4$aMap
=859  \\$aXLD$bWW1
=852  4\$aBritish Library$bMAPS$cDRT$jDigital Store Maps C.14.f.21.
=985  \\$aUpgraded from BL georeferencer data 2022-12-06.
=985  \\$aCorrected by MS generated file for WR# 12.037
=985  \\$aEnhanced by MS generated file for WR# 13/021
=985  \\$aEnhanced by MS generated file for WR# 13/054
=CAT  \\$aBATCH-DCW$b00$c20131128$lBLL01$h0159
=CAT  \\$aWR14_014$c20140224$lBLL01$h0839
=CAT  \\$aWR14.046$c20140417$lBLL01$h1725
=CAT  \\$aWR13.144/5$c20140418$lBLL01$h1049
=CAT  \\$a14185$b40$c20221208$lBLL01$h1542
=CAT  \\$a14185$b40$c20221208$lBLL01$h1612
=CAT  \\$a14185$b40$c20221208$lBLL01$h1612
=FIN  \\$aY$d20131128
=LKR  \\$aPAR$lBLL01$r776$b004934543$m[Map of the Somme area. Special Trench Maps]$n[Map of the Somme area. Special Trench Maps]
=DGM  \\$a004934543$bCatBridge variable field
=DRT  \\$aWW1
=SRC  \\$aWW1$bEuropeana_Collections_1914-1918_20131114_1
=OHC  \\$a1
=LAS  \\$a14185$b40$c20221208$lBLL01$h1612

