=LDR  02035cem a22005293u 4500
=001  016553252
=003  Uk
=005  20221208161202.0
=007  cr\mn\024mpada
=007  a|||||||
=008  940113|1917\\\\enk||||||\u\\||s|\||eng\\
=FMT  \\$a  MP
=019  4\$am130550019
=034  1\$aa$b40000$dE0024403$eE0003848$fN0502854$gN0050601$2bound
=040  \\$aUk$cUk
=052  7\$a912.44$2ddc
=245  00$aMap of the Somme Front.
=255  \\$aScale 1:40,000$c(E 2°36'57"--E 3°2'31"/N 50°9'42"--N 49°54'37").
=260  \\$a[London] :$b[Geographical Section, General Staff],$c1917.
=300  \\$c745 x 690 mm.
=336  \\$acartographic image$2rdacontent
=337  \\$acomputer$2rdamedia
=338  \\$aonline$2rdacarrier
=500  \\$aFirst World War map of the Somme Front. Shows advances between July 1st 1916 and February 28th 1917.
=650  \0$aWorld War, 1914-1918$xBattlefields.
=650  \0$aWorld War, 1914-1918$xCampaigns$zWestern Front.
=651  \7$aSOMME, France (Battlefield).$xMilitary art and science -$vMaps and charts$y1917.$2blmlsh
=655  \4$aMap
=859  \\$aXLD$bWW1
=852  4\$aBritish Library$bMAPS$cDRT$jDigital Store Maps C.14.f.3.
=985  \\$aUpgraded from BL georeferencer data 2022-12-06.
=985  \\$aCorrected by MS generated file for WR# 12.037
=985  \\$aEnhanced by MS generated file for WR# 13/021
=985  \\$aEnhanced by MS generated file for WR# 13/054
=CAT  \\$aBATCH-DCW$b00$c20131128$lBLL01$h0159
=CAT  \\$aWR14_014$c20140224$lBLL01$h0839
=CAT  \\$aWR14.046$c20140417$lBLL01$h1725
=CAT  \\$aWR13.144/5$c20140418$lBLL01$h1049
=CAT  \\$a14185$b40$c20221208$lBLL01$h1543
=CAT  \\$a14185$b40$c20221208$lBLL01$h1612
=FIN  \\$aY$d20131128
=LKR  \\$aPAR$lBLL01$r776$b004934547$mMap of the Somme Front.$nMap of the Somme Front.
=DGM  \\$a004934547$bCatBridge variable field
=DRT  \\$aWW1
=SRC  \\$aWW1$bEuropeana_Collections_1914-1918_20131114_1
=OHC  \\$a1
=LAS  \\$a14185$b40$c20221208$lBLL01$h1612

