=LDR  02125cem a22005533u 4500
=001  016553253
=003  Uk
=005  20221208092957.0
=007  cr\mn\024mpada
=007  a|||||||
=008  940114s1920\\\\enk||||||\u\\||\|\||eng\\
=FMT  \\$a  MP
=019  4\$am140515062
=034  1\$aa$b1500000$dE0252534$eE0423846$fN0044037$gN0355715$2bound
=040  \\$aUk$cUk
=052  7\$a912.561$2ddc
=245  00$aTurkey in Asia.
=255  \\$aScale 1:1,500,000$c(E 25°25'34"--E 42°38'46"/N 44°0'37"--N 35°57'15").
=264  \1$aLondon :$bH.M. Stationery Office,$c1920.
=300  \\$a1 map ;$c970 x 600 mm.
=336  \\$acartographic image$2rdacontent
=337  \\$acomputer$2rdamedia
=338  \\$aonline$2rdacarrier
=500  \\$aMap to accompany "Tripartite agreement between the British Empire, France, and Italy respecting Anatolia ... August 10, 1920".
=650  \0$aWorld War, 1914-1918.
=651  \7$aTURKEY IN ASIA.$xAdministrative and political divisions -$vMaps and charts$y1920.$2blmlsh
=655  \4$aMap
=776  0\$tTurkey in Asia.$w(Uk)004947694
=859  \\$aXLD$bWW1
=852  4\$cDRT$jDigital Store Maps 5.bb.16.$aBritish Library$bMAPS
=985  \\$aCorrected by MS generated file for WR# 12.037
=985  \\$aEnhanced by MS generated file for WR# 13/021
=985  \\$aEnhanced by MS generated file for WR# 13/054
=985  \\$aCorrected by MS generated file for WR# 1805-0738
=985  \\$aUpgraded from BL georeferencer data 2022-12-06.
=CAT  \\$aBATCH-DCW$b00$c20131128$lBLL01$h0159
=CAT  \\$aWR14_014$c20140224$lBLL01$h0839
=CAT  \\$aWR14.046$c20140417$lBLL01$h1725
=CAT  \\$aWR13.144/5$c20140418$lBLL01$h1049
=CAT  \\$a1805-0738$c20181228$lBLL01$h1834
=CAT  \\$a1805-0738$b00$c20181228$lBLL01$h1918
=CAT  \\$a14185$b40$c20221208$lBLL01$h0929
=FIN  \\$aY$d20131128
=LKR  \\$aPAR$lBLL01$r776$b004947694$mTurkey in Asia.$nTurkey in Asia.
=DGM  \\$a004947694$bCatBridge variable field
=DRT  \\$aWW1
=SRC  \\$aWW1$bEuropeana_Collections_1914-1918_20131114_1
=OHC  \\$a1
=LAS  \\$a14185$b40$c20221208$lBLL01$h0929

