=LDR  02018cem a22005293u 4500
=001  016553254
=003  Uk
=005  20221207075607.0
=007  cr\mn\024mpada
=007  aj|||nzn
=008  940115s1917\\\\enk||||||\a\\||\|\||ara\\
=FMT  \\$a  MP
=019  4\$am150704062
=034  1\$aa$dW1803730$eE1793426$fN0681238$gS0683534$2bound
=040  \\$aUk$cUk
=052  7\$a912.0$2ddc
=245  00$aKharitat al-dunyā.
=255  \\$aScale not determined$c(W 180°37'30"--E 179°34'26"/N 68°12'38"--S 68°35'34").
=300  \\$c940 x 540 mm.
=336  \\$acartographic image$2rdacontent
=337  \\$acomputer$2rdamedia
=338  \\$aonline$2rdacarrier
=546  \\$aIn Arabic.
=500  \\$aA map of the world issued by the British Government to indicate the relation of the various countries to the war and the transfer of territory due to it up to the Autumn of 1917, with the flags of the Allied countries.
=650  \0$aWorld War, 1914-1918.
=651  \7$aWORLD.$xMilitary history -$vMaps and charts$y1917.$2blmlsh
=655  \4$aMap
=776  0\$tKharitat al-dunyā.$w(Uk)004963818
=859  \\$aXLD$bWW1
=852  4\$cDRT$jDigital Store Maps 950.(166.)$aBritish Library$bMAPS
=985  \\$aCorrected by MS generated file for WR# 12.037
=985  \\$aDisaggregated record: Type B
=985  \\$aUpgraded from BL georeferencer data 2022-12-06.
=CAT  \\$aBATCH-DCW$b00$c20131128$lBLL01$h0159
=CAT  \\$aWR14_014$c20140224$lBLL01$h0839
=CAT  \\$aWR14.046$c20140417$lBLL01$h1725
=CAT  \\$aWR13.144/5$c20140418$lBLL01$h1049
=CAT  \\$a14185$b40$c20221207$lBLL01$h0755
=CAT  \\$a14185$b40$c20221207$lBLL01$h0755
=CAT  \\$a14185$b40$c20221207$lBLL01$h0756
=FIN  \\$aY$d20131128
=LKR  \\$aPAR$lBLL01$r776$b004963818$mKharitat al-dunyā.$nKharitat al-dunyā.
=DGM  \\$a004963818$bCatBridge variable field
=DRT  \\$aWW1
=SRC  \\$aWW1$bEuropeana_Collections_1914-1918_20131114_1
=OHC  \\$a1
=LAS  \\$a14185$b40$c20221207$lBLL01$h0756

