=LDR  01941cam a22004933a 4500
=001  016553255
=003  Uk
=005  20221207074813.0
=007  cr\mn\024mpada
=008  980604s1914\\\\enk\\\\|s\\\\||||\||eng\\
=FMT  \\$a  BK
=019  4\$am160891094
=034  1\$aa$b27500000$dW1801504$eE1782702$fN0040027$gS0482305$2bound
=040  \\$aUk$cUk
=052  7\$a912.164$2ddc
=245  00$aDistribution of French and German islands in the Pacific Ocean.
=255  \\$aScale 1:27,500,000$c(W 180°15'04"--E 178°27'02"/N 40°0'27"--S 48°23'05").
=260  \\$a[London] :$bAdmiralty War Staff I.D.,$c[1914?]
=300  \\$c51 x 41 cm.
=336  \\$atext$2rdacontent
=337  \\$acomputer$2rdamedia
=338  \\$aonline$2rdacarrier
=650  \0$aWorld War, 1914-1918.
=651  \7$aPACIFIC OCEAN.$xPolitics -$vmaps and charts$y1914.$2blmlsh
=655  \4$aMap
=776  0\$tDistribution of French and German islands in the Pacific Ocean.$w(Uk)004973482
=859  \\$aXLD$bWW1
=852  4\$cDRT$jDigital Store Maps 979.(32.)$aBritish Library$bMAPS
=985  \\$aCorrected by MS generated file for WR# 12.037
=985  \\$aEnhanced by MS generated file for WR# 13/021
=985  \\$aEnhanced by MS generated file for WR# 13/054
=985  \\$aUpgraded from BL georeferencer data 2022-12-06.
=CAT  \\$aBATCH-DCW$b00$c20131128$lBLL01$h0159
=CAT  \\$aWR14_014$c20140224$lBLL01$h0839
=CAT  \\$aWR14.046$c20140417$lBLL01$h1725
=CAT  \\$aWR13.144/5$c20140418$lBLL01$h1049
=CAT  \\$a14185$b40$c20221207$lBLL01$h0748
=FIN  \\$aY$d20131128
=LKR  \\$aPAR$lBLL01$r776$b004973482$mDistribution of French and German islands in the Pacific Ocean.$nDistribution of French and German islands in the Pacific Ocean.
=DGM  \\$a004973482$bCatBridge variable field
=DRT  \\$aWW1
=SRC  \\$aWW1$bEuropeana_Collections_1914-1918_20131114_1
=OHC  \\$a1
=LAS  \\$a14185$b40$c20221207$lBLL01$h0748

