=LDR  02146cem a2200553ua 4500
=001  016553256
=003  Uk
=005  20221208161130.0
=007  cr\mn\024mpada
=007  a|||||||
=008  030620s1918\\\\enk||||||\u\\||s|\||eng\\
=FMT  \\$a  MP
=019  4\$am720014824
=034  1\$aa$b2000000$dE0024403$eE0003848$fN0502854$gN0050601$2bound
=035  \\$a(Uk)Mod0001482
=040  \\$aUk$cUk
=052  7\$a912.1060$2ddc
=052  7\$a912.1091$2ddc
=110  1\$aGreat Britain.$bGeneral Staff.$bGeographical Section.
=245  10$aMap showing expansion of Prussia into the German Empire, GSGS 2858.
=255  \\$aScale 1:2,000,000$c(E 4°37'01"--E 23°29'35"/N 55°56'38"--N 47°3'47").
=260  \\$a[London] :$b[GSGS, War Office],$c1918.
=300  \\$a1 map :$bcol.
=336  \\$acartographic image$2rdacontent
=337  \\$acomputer$2rdamedia
=338  \\$aonline$2rdacarrier
=500  \\$aShows Prussian expansion as at 1740, 1740-86, 1793-1815, 1864, 1866 and 1871.
=650  \0$aWorld War, 1914-1918$xPropaganda.
=651  \7$aGermany -$vMaps and charts$y1918.$2blmlsh
=651  \7$aPoland -$vMaps and charts$y1918.$2blmlsh
=655  \4$aMap
=710  1\$aGreat Britain.$bWar Office.$bGeneral Staff.$bGeographical Section.
=859  \\$aXLD$bWW1
=852  4\$cDRT$jDigital Store Maps MOD GSGS 2858$aBritish Library$bMAPS
=957  \\$aNDd
=985  \\$aUpgraded from BL georeferencer data 2022-12-06.
=985  \\$aCorrected by MS generated file for WR# 12.037
=CAT  \\$aBATCH-DCW$b00$c20131128$lBLL01$h0159
=CAT  \\$aWR14.046$c20140417$lBLL01$h1725
=CAT  \\$aWR13.144/5$c20140418$lBLL01$h1049
=CAT  \\$a14185$b40$c20221208$lBLL01$h1543
=CAT  \\$a14185$b40$c20221208$lBLL01$h1611
=FIN  \\$aY$d20131128
=LKR  \\$aPAR$lBLL01$r776$b004997852$mMap showing expansion of Prussia into the German Empire, GSGS 2858.$nMap showing expansion of Prussia into the German Empire, GSGS 2858.
=DGM  \\$a004997852$bCatBridge variable field
=DRT  \\$aWW1
=SRC  \\$aWW1$bEuropeana_Collections_1914-1918_20131114_1
=OHC  \\$a1
=LAS  \\$a14185$b40$c20221208$lBLL01$h1611

