=LDR  02688cem a2200601ua 4500
=001  016553259
=003  Uk
=005  20221214102016.0
=007  cr\mn\024mpada
=007  a|||||||
=008  030620s1920\\\\enk||||||\u\\||||\||eng\\
=FMT  \\$a  MP
=019  4\$am720015561
=034  1\$aa$b1000000$dE0245005$eE0311351$fN0043205$gN0385454$2bound
=035  \\$a(Uk)Mod0001556
=040  \\$aUk$cUk
=052  7\$a912.495$2ddc
=052  7\$a912.4977$2ddc
=052  7\$a912.561$2ddc
=110  1\$aGreat Britain.$bGeneral Staff.$bGeographical Section.
=245  10$a[Demilitarised zones in north-west Turkey].
=255  \\$aScale 1:1,000,000 ... 1 inch to 15.78 miles or 1.014 inches to 16 miles$c(E 24°50'05"--E 31°13'51"/N 43°2'05"--N 38°54'54").
=264  \1$a[London] :$b[GSGS, War Office],$c[1920]
=300  \\$a2 maps on 2 sheets :$bcolour
=336  \\$acartographic image$2rdacontent
=337  \\$acomputer$2rdamedia
=338  \\$aonline$2rdacarrier
=500  \\$aTwo maps with boundaries overprinted onto copies of GSGS 2943.
=500  \\$aSheet one headed "Boundary of demilitarized zone about Constantinople. (Meeting of Allied Naval & Military Advisers. London 16.2.20.)".
=500  \\$aSheet two shows: Frontier between Turkey and Bulgaria previous to tehe war (Treaty of Bucharest, 1913); Southern frontier of Bulgaria (Treaty of Neuilly [1919]); New boundary between Turkey, Bulgaria and Greece; Demilitarized zones - Thrace; Demilitarized zones - Bosporus, and the Dardanelles.
=650  \0$aWorld War, 1914-1918.
=651  \7$aBulgaria -$vMaps and charts$y1920.$2blmlsh
=651  \7$aGreece -$vMaps and charts$y1920.$2blmlsh
=651  \7$aTurkey -$vMaps and charts$y1920.$2blmlsh
=655  \4$aMap
=710  1\$aGreat Britain.$bWar Office.$bGeneral Staff.$bGeographical Section.
=776  0\$t[Demilitarised zones in north-west Turkey].$w(Uk)004997926
=859  \\$aXLD$bWW1
=852  4\$aBritish Library$bMAPS$cDRT$jDigital Store Maps MOD GSGS 2943$32 sheets
=957  \\$aNDd
=985  \\$aCorrected by MS generated file for WR# 12.037
=CAT  \\$aBATCH-DCW$b00$c20131128$lBLL01$h0159
=CAT  \\$aWR14.046$c20140417$lBLL01$h1725
=CAT  \\$aWR13.144/5$c20140418$lBLL01$h1049
=CAT  \\$a14185$b40$c20221214$lBLL01$h1020
=CAT  \\$a14185$b40$c20221214$lBLL01$h1020
=FIN  \\$aY$d20131128
=LKR  \\$aPAR$lBLL01$r776$b004997926$m[Demilitarised zones in north-west Turkey].$n[Demilitarised zones in north-west Turkey].
=DGM  \\$a004997926$bCatBridge variable field
=DRT  \\$aWW1
=SRC  \\$aWW1$bEuropeana_Collections_1914-1918_20131114_1
=OHC  \\$a1
=LAS  \\$a14185$b40$c20221214$lBLL01$h1020

