=LDR  03068cem a2200661ua 4500
=001  016553260
=003  Uk
=005  20230223161829.0
=007  cr\mn\024mpada
=007  a|||||||
=008  030620s1918\\\\enk||||||\u\\||||\||eng\\
=FMT  \\$a  MP
=019  4\$am720016355
=034  1\$aa$b1500000
=034  1\$3Sheet 1. Germany.$aa$b1500000$dE0041906$eE0181718$fN0555118$gN0475028$2bound
=034  1\$3Sheet 2. Northern Italy.$aa$b1500000$dE0055513$eE0182409$fN0475910$gN0395255$2bound
=034  1\$3Sheet 3. Poland.$aa$b1500000$dE0173702$eE0303415$fN0555805$gN0474859$2bound
=034  1\$3Sheet 4. South east Europe.$aa$b1500000$dE0173304$eE0302600$fN0048203$gN0395001$2bound
=035  \\$a(Uk)Mod0001636
=040  \\$aUk$cUk
=052  7\$a912.4$2ddc
=110  1\$aGreat Britain.$bGeneral Staff.$bGeographical Section.
=245  10$aEthnographical map [Eastern Europe], GSGS 3703a.
=255  \\$aScale 1:1,500,000.
=255  \\$aScale of sheet 1, 1:1,500,000$c(E 4°19'06"--E 18°17'18"/N 55°51'18"--N 47°50'28").
=255  \\$aScale of sheet 2, 1:1,500,000$c(E 5°55'13"--E 18°24'09"/N 47°59'10"--N 39°52'55").
=255  \\$aScale of sheet 3, 1:1,500,000$c(E 17°37'02"--E 30°34'15"/N 55°58'05"--N 47°48'59").
=255  \\$aScale of sheet 4, 1:1,500,000$c(E 17°33'04"--E 30°26'00"/N 48°2'03"--N 39°50'01").
=264  \1$a[London] :$b[GSGS, War Office],$c1918.
=300  \\$a4 maps on 4 sheets :$bcolour
=336  \\$acartographic image$2rdacontent
=337  \\$acomputer$2rdamedia
=338  \\$aonline$2rdacarrier
=500  \\$aFour sheets, covering Germany, Poland, Northern Italy and South eastern Europe. To illustrate the post-WW1 settlement.
=562  \\$aCopy at Maps MOD GSGS 3703a. "Ethnographical" struck through and replaced by "Philological" in title of sheet 3 (Poland).$5Uk
=650  \0$aWorld War, 1914-1918.
=651  \7$aEurope -$vMaps and charts$y1918.$2blmlsh
=655  \7$aMaps.$2fast$0(OCoLC)fst01423704
=710  1\$aGreat Britain.$bWar Office.$bGeneral Staff.$bGeographical Section.
=776  0\$tEthnographical map [Eastern Europe], GSGS 3703a.$w(Uk)004998005
=859  \\$aXLD$bWW1
=852  4\$cDRT$jDigital Store Maps MOD GSGS 3703a$aBritish Library$bMAPS$34 sheets
=957  \\$aNDd
=985  \\$aCorrected by MS generated file for WR# 12.037
=985  \\$aUpgraded from BL georeferencer data 2022-12-06.
=985  \\$aUpdated by MS generated file for WR2302-017
=CAT  \\$aBATCH-DCW$b00$c20131128$lBLL01$h0159
=CAT  \\$aWR14.046$c20140417$lBLL01$h1725
=CAT  \\$aWR13.144/5$c20140418$lBLL01$h1049
=CAT  \\$a14185$b40$c20221214$lBLL01$h1030
=CAT  \\$aW2302-0174$c20230223$lBLL01$h2000
=FIN  \\$aY$d20131128
=LKR  \\$aPAR$lBLL01$r776$b004998005$mEthnographical map [Eastern Europe], GSGS 3703a.$nEthnographical map [Eastern Europe], GSGS 3703a.
=DGM  \\$a004998005$bCatBridge variable field
=DRT  \\$aWW1
=SRC  \\$aWW1$bEuropeana_Collections_1914-1918_20131114_1
=OHC  \\$a1
=LAS  \\$aW2302-0174$b00$c20230223$lBLL01$h2000

