=LDR  03706cem a2200577ua 4500
=001  016553262
=003  Uk
=005  20221213160434.0
=007  cr\mn\024mpada
=007  a|||||||
=008  040331s1919\\\\enk||||||\b\\||||\||eng\\
=FMT  \\$a  MP
=019  4\$am720047471
=034  1\$aa$b750000$dE0211133$eE0241231$fN0524214$gN0501555$2bound
=035  \\$a(Uk)Mod0005019
=040  \\$aUk$cUk
=052  7\$a912.438$2ddc
=110  1\$aGreat Britain.$bNaval Intelligence Division.
=245  10$a[Religion and language maps of Lublin province, Poland], NSID 16.
=255  \\$aScale 1:750,000$c(E 21°11'33"--E 24°12'31"/N 52°42'14"--N 50°15'55").
=264  \1$a[London] :$bAdmiralty, UK,$c1919.
=300  \\$a10 maps on 10 sheets
=336  \\$acartographic image$2rdacontent
=337  \\$acomputer$2rdamedia
=338  \\$aonline$2rdacarrier
=500  \\$aTitle of base map: The governments of Siedlce and Lublin, showing the parts made into the Government of Chełm.
=505  0\$aI. Religion map by Gminas showing most probable boundaries (based on information partly biassed [sic] against the Catholics). In this map Jews and Protestants are ignored. -- II. Language map by Powiats from Russian census of 1897. -- III. Language map by Powiats from Dziewulski (1906). -- IV. Religion map by Gminas comparing different authorities. (Based on information partly biassed [sic] against the Catholics). In this map Jews and Protestants are ignored. -- V. Religion map by Gminas showing absolute majorities according to figures of Dziewulski 1906 (based on information partly biassed [sic] against the Catholics). -- VI. Religion map by Gminas showing absolute majorities. (Based on information strongly biassed [sic] against the Catholics). -- VII. Religion map by Gminas showing relative majorities according to figures of Dziewulski 1906. (Based on information partly biassed [sic] against the Catholics). Note: In the district west of the Government of Chełm the Jews are in this map reckoned as Poles. -- VIII. Religion map by Gminas showing relative majorities according to figures of Warsaw Statistical Committee, 1909. (Based on information partly biassed [sic] against the Catholics). -- IX. Map showing Jews according to Gminas. (Based on figures of Warsaw Statistical Committee, 1909). -- X. Map showing Protestants according to Gminas. (Based on figures of Warsaw Statistical Committee, 1909).
=650  \0$aWorld War, 1914-1918.
=651  \7$aPoland -$vMaps and charts$y1919.$2blmlsh
=655  \0$aMaps.
=710  1\$aGreat Britain.$bWar Office.$bGeneral Staff.$bGeographical Section.
=776  0\$t[Religion and language maps of Lublin province, Poland], NSID 16.$w(Uk)005001117
=859  \\$aXLD$bWW1
=852  4\$cDRT$jDigital Store Maps MOD NSID 16$aBritish Library$bMAPS$31 sheet
=957  \\$aNDd
=985  \\$aCorrected by MS generated file for WR# 12.037
=985  \\$aUpgraded from BL georeferencer data 2022-12-06.
=CAT  \\$aBATCH-DCW$b00$c20131128$lBLL01$h0159
=CAT  \\$aWR14.046$c20140417$lBLL01$h1725
=CAT  \\$aWR13.144/5$c20140418$lBLL01$h1049
=CAT  \\$a14185$b40$c20221213$lBLL01$h1600
=CAT  \\$a14185$b40$c20221213$lBLL01$h1601
=CAT  \\$a14185$b40$c20221213$lBLL01$h1602
=CAT  \\$a14185$b40$c20221213$lBLL01$h1604
=FIN  \\$aY$d20131128
=LKR  \\$aPAR$lBLL01$r776$b005001117$m[Religion and language maps of Lublin province, Poland], NSID 16.$n[Religion and language maps of Lublin province, Poland], NSID 16.
=DGM  \\$a005001117$bCatBridge variable field
=DRT  \\$aWW1
=SRC  \\$aWW1$bEuropeana_Collections_1914-1918_20131114_1
=OHC  \\$a1
=LAS  \\$a14185$b40$c20221213$lBLL01$h1604

