=LDR  02092cem a2200553ua 4500
=001  016553263
=003  Uk
=005  20221213160529.0
=007  cr\mn\024mpada
=007  a|||||||
=008  040331s1919\\\\enk||||||\u\\||||\||eng\\
=FMT  \\$a  MP
=019  4\$am720047498
=034  1\$3Sheet III.$aa$b3000000$dE0123025$eE0036626$fN0574350$gN0045229$2bound
=034  1\$3Sheet IV.$aa$b3000000$dE0125322$eE0355013$fN0572910$gN0045710$2bound
=035  \\$a(Uk)Mod0005021
=040  \\$aUk$cUk
=052  7\$a912.438$2ddc
=110  1\$aGreat Britain.$bNaval Intelligence Division.
=245  10$aPoland : Language, NSID 18.
=255  \\$aScale of sheet 1, 1:3,000,000$c(E 12°30'25"--E 36°6'26"/N 57°43'50"--N 45°2'29").
=255  \\$aScale of sheet 2, 1:3,000,000$c(E 12°53'22"--E 35°50'13"/N 57°29'10"--N 45°7'10").
=264  \1$a[London] :$bAdmiralty, UK,$c1919.
=300  \\$a2 maps on 2 sheets
=336  \\$acartographic image$2rdacontent
=337  \\$acomputer$2rdamedia
=338  \\$aonline$2rdacarrier
=650  \0$aWorld War, 1914-1918.
=651  \7$aPoland -$vMaps and charts$y1919.$2blmlsh
=655  \0$aMaps.
=710  1\$aGreat Britain.$bWar Office.$bGeneral Staff.$bGeographical Section.
=859  \\$aXLD$bWW1
=852  4\$cDRT$jDigital Store Maps MOD NSID 18$aBritish Library$bMAPS$31 sheet
=957  \\$aNDd
=985  \\$aCorrected by MS generated file for WR# 12.037
=985  \\$aUpgraded from BL georeferencer data 2022-12-06.
=CAT  \\$aBATCH-DCW$b00$c20131128$lBLL01$h0159
=CAT  \\$aWR14.046$c20140417$lBLL01$h1725
=CAT  \\$aWR13.144/5$c20140418$lBLL01$h1049
=CAT  \\$a14185$b40$c20221213$lBLL01$h1547
=CAT  \\$a14185$b40$c20221213$lBLL01$h1547
=CAT  \\$a14185$b40$c20221213$lBLL01$h1605
=FIN  \\$aY$d20131128
=LKR  \\$aPAR$lBLL01$r776$b005001119$mPoland : Language, NSID 18.$nPoland : Language, NSID 18.
=DGM  \\$a005001119$bCatBridge variable field
=DRT  \\$aWW1
=SRC  \\$aWW1$bEuropeana_Collections_1914-1918_20131114_1
=OHC  \\$a1
=LAS  \\$a14185$b40$c20221213$lBLL01$h1605

