=LDR  01998cem a2200529ua 4500
=001  016553266
=003  Uk
=005  20221208161037.0
=007  cr\mn\024mpada
=007  a|||||||
=008  040331s1919\\\\enk||||||\u\\||s|\||eng\\
=FMT  \\$a  MP
=019  4\$am720047536
=034  1\$aa$b3000000$dE0024403$eE0003848$fN0502854$gN0050601$2bound
=035  \\$a(Uk)Mod0005025
=040  \\$aUk$cUk
=052  7\$a912.438$2ddc
=110  1\$aGreat Britain.$bNaval Intelligence Division.
=245  10$aPoland : Lithuanians, Little Russians & Czechs, NSID 22.
=255  \\$aScale 1:3,000,000$c(E 13°14'37"--E 36°21'05"/N 57°19'59"--N 45°32'42").
=260  \\$a[London] :$bAdmiralty, UK,$c1919.
=300  \\$amaps.
=336  \\$acartographic image$2rdacontent
=337  \\$acomputer$2rdamedia
=338  \\$aonline$2rdacarrier
=500  \\$aDistribution of Lithuanians, Little Russians and Czechs, showing minorities.
=650  \0$aWorld War, 1914-1918.
=651  \7$aPoland -$vMaps and charts$y1919.$2blmlsh
=655  \4$aMap
=710  1\$aGreat Britain.$bWar Office.$bGeneral Staff.$bGeographical Section.
=859  \\$aXLD$bWW1
=852  4\$cDRT$jDigital Store Maps MOD NSID 22$aBritish Library$bMAPS$31 sheet
=957  \\$aNDd
=985  \\$aUpgraded from BL georeferencer data 2022-12-06.
=985  \\$aCorrected by MS generated file for WR# 12.037
=CAT  \\$aBATCH-DCW$b00$c20131128$lBLL01$h0159
=CAT  \\$aWR14.046$c20140417$lBLL01$h1725
=CAT  \\$aWR13.144/5$c20140418$lBLL01$h1049
=CAT  \\$a14185$b40$c20221208$lBLL01$h1545
=CAT  \\$a14185$b40$c20221208$lBLL01$h1610
=FIN  \\$aY$d20131128
=LKR  \\$aPAR$lBLL01$r776$b005001123$mPoland : Lithuanians, Little Russians & Czechs, NSID 22.$nPoland : Lithuanians, Little Russians & Czechs, NSID 22.
=DGM  \\$a005001123$bCatBridge variable field
=DRT  \\$aWW1
=SRC  \\$aWW1$bEuropeana_Collections_1914-1918_20131114_1
=OHC  \\$a1
=LAS  \\$a14185$b40$c20221208$lBLL01$h1610

