=LDR  08736 am a2200517ua 4500
=001  016553270
=003  Uk
=005  20131128015913.0
=007  cr\mn\024mpada
=008  890704m19141915ru\\\\\|s\\\\||||\||rus\\
=FMT  \\$a  BK
=019  1\$ar6478238
=040  \\$aUk$cUk
=245  02$a[A collection of Russian First World War posters].
=260  \\$aMoskva,$c1914-1915.
=300  \\$a73 posters.
=336  \\$atext$2rdacontent
=337  \\$acomputer$2rdamedia
=338  \\$aonline$2rdacarrier
=500  \\$aA collection of 73 ''batalʹnye lubkiʹʹ by various artists.
=500  \\$aPosters 1-5, 72 - issued by Khromolitografii︠a︡ I.A. Morozova v Moskve; -- posters 6-8, 11 - by Tipo-litografii︠a︡ Torgovogo doma E.Konovalova i Ko v Moskve; -- posters 9-10, 12-13 - by Litografii︠a︡ M.A.Strelʹt︠s︡ova, Moskva, 1-i︠a︡ Meshchanskai︠a︡, 83); -- posters 14-18 - by Knigoizdatelʹstvo M.S. Kozmana, Odessa, Frant︠s︡uzskiĭ bulʹvar, Gospitalʹnyĭ per., d. N 10 and Litografii︠a︡ F.Shauer i V.Smirkovskiĭ, Odessa, Prokhorovskai︠a︡, 44; -- posters 19-23 - by Tipolitografii︠a︡ S.Mukharskogo, Moskva, Bol. Nikitskai︠a︡, 22; -- posters 24, 38 - by Tipo-litografii︠a︡ M.Korpusnovoĭ, Muchnŏi, 7; -- posters 26-34 - by Tipo-litografii︠a︡ torgovogo doma A.Krylov i Ko, Moskva; -- posters 35-37, 54-56 - by litografii︠a︡ Ivanova, Moskva, Armi︠a︡nskiĭ per. d. 3 and sklad kartin u A.D. Sazonova, Moskva, Kitaĭskii proezd, 1; -- poster 39 - by Tipo-litografii︠a︡ Amerikanskai︠a︡ Pechatni︠a︡, Soli︠a︡nka, 7 and izd. K.A.Filatova, Moskva, Nikolo-I︠a︡mskai︠a︡ ul., Bernikov per., d.3, kv. 2; -- poster 40 - by tipo-litografii︠a︡ V.Shushukina, Moska, Sokolʹniki, 2-i︠a︡ Rybinskai︠a︡ ul., d. 8/24 and izd. K.A.Filatova, Moskva, Nikolo-I︠a︡mskai︠a︡ ul., Bernikov per., d.3, kv. 2; -- poster 41 - by izd. I.S. Fuki, Moskva, tipo-litografii︠a︡ I.S.Fuki; -- posters 43-53 - by litografii︠a︡ t-va I.D.Sytina, Moskva; -- posters 57-65 - by Lit. z/d A.P.Korkin, A.V.Bendeman i Ko, Moskva, Donskai︠a︡, d.42; -- posters 66-71, 73 - by Tipo-litografii︠a︡ I.M.Mashistova, Moskva.
=500  \\$aPosters 14-18 signed: S.A.Fialkovskiĭ, 1914.
=500  \\$aPosters 25, 42 bear no information on publisher.
=505  0\$a1. Russko-germanskai︠a︡ voĭna 1914 goda -- 2. Geroĭskiĭ podvig Donskogo kazaka Kuzʹmy Kri︠u︡chkova vo vremi︠a︡ skhvatki s nemet︠s︡kimi kavaleristami -- 3. No title, caption from newspaper "Ranne utro", 12 September, 1914 g. -- 4. Boĭ u Lyka (caption from newspaper "Ranne utro", 9 October, 1914 g.) -- 5. Russko-avstriĭskai︠a︡ voĭna 1914 g. Boĭ u Lasheva -- 6. Razgrom turok pod Sarykameshem -- 7. Krovoprolitnyĭ boĭ c nemt︠s︡ami u Vytkovishche -- 8. Razgrom nemt︠s︡ev na reke Bzure -- 9. Russko-turet︠s︡kai︠a︡ voĭna. Razgrom turet︠s︡koĭ armii pod Sarykamyshem -- 10. Evropeĭskai︠a︡ voĭna -- 11. Zatoplenie belʹgiit︠s︡ami nemt︠s︡ev -- 12. Evropeĭskai︠a︡ voĭna. Razgrom nemt︠s︡ev pod Varshavoĭ -- 13. Evropeĭskai︠a︡ voĭna. Vzryv belʹgiit︠s︡ami svoikh plotin i gibelʹ nemet︠s︡kikh otri︠a︡dov pod Malinom -- 14. 'Dolina smerti' - Boĭ pri der. Mikhaĭlovke -- 15. Boĭ u Vladimira-Volynska -- 16. Vzi︠a︡tie I︠a︡roslava -- 17. Geroĭskiĭ boĭ kazaka Kozmy Kri︠u︡chkova s 11 nemt︠s︡ami -- 18. Rasstrel russkimi sudami germanskogo kreĭsera 'Magdeburg' -- 19. Boĭ u gorodka --20. Vzi︠a︡tie I︠a︡roslava -- 21. Pervyĭ Georgievskiĭ kavaler Kuzma Kri︠u︡chkov -- 22. Boĭ na avstriĭskoĭ granit︠s︡e -- 23. No title [Shturm turkami russkoĭ pozit︠s︡ii na Keprikseĭskikh vysotakh ... avgusta 1914 g.].
=505  0\$a24. Voĭna Rossii s Germanieĭ i Avstro-Vengrieĭ. Vzi︠a︡tie russkimi voĭskami I︠a︡roslava --25. Velikai︠a︡ Otechestvennai︠a︡ voĭna 1914 g. Boĭ na Visle pod Ivan-gorodom -- 26. Voĭna Rossii s turkami. Porazhenie turok pod Sarykamyshem. Alʹbom Velikoĭ voĭny, ris. N 22 -- 27. Voĭna Rossii s turkami. Potoplenie 4 turet︠s︡kikh transportov. Alʹbom Velikoĭ voĭny, ris. N 20 -- 28. Voĭna Rossii s turkami. Vzi︠a︡tie Bai︠a︡zeta. Alʹbom Velikoĭ voĭny, ris. N 12. -- 29. Voĭna Rossii s nemt︠s︡ami. Bitva u Visly. Alʹbom Velikoĭ voĭny, ris. N 11 -- 30. Voĭna Rossii s nemt︠s︡ami. Deĭstvie nashikh brizantnykh snari︠a︡dov. Alʹbom Velikoĭ voĭny, ris. N 9 -- 31. Voĭna Rossii s nemt︠s︡ami. Perekhod russkikh cherez Karpaty. Alʹbom Velikoĭ voĭny, ris. N 7 -- 32. Voĭna Rossii s nemt︠s︡ami. Geroĭskii podvig poruchika Smirnova. Alʹbom Velikoĭ voĭny, ris. N 6 -- 33. Voĭna Rossii s nemt︠s︡ami. Vzi︠a︡tie g. Lʹvova v Galit︠s︡ii. Alʹbom Velikoĭ voĭny, ris. N5 -- 34. Voĭna Rossii s nemt︠s︡ami. Vstuplenie russkikh voĭsk v Prussii︠u︡. Alʹbom Velikoĭ voĭny, ris. N3 -- 35. Voĭna s Turt︠s︡ieĭ. Nastuplenie na Ėrzerum. -- 36. Ataka na Sarykamykh -- 37. Otstuplenie nemt︠s︡ev v Vostochnoĭ Prussii -- 38. Voĭna s Turt︠s︡ieĭ -- 39. Boĭ pod Ivangorodom -- 40. Boĭ u Borzhilova -- 41. Velikai︠a︡ Evropeĭskaia voĭna -- 42. Velikai︠a︡ Evropeĭskaia voĭna. Molodet︠s︡kai︠a︡ shtukovai︠a︡ ataka russkikh bogatyreĭ na germanskom fronte.
=505  0\$a43. Boĭ pod Mariampolem, N 64 -- 44. Bitva s nemt︠s︡ami pod Avgustovym, N 32 -- 45. Boĭ s turkami, N 96 -- 46. Boĭ pod Ardaganom, N 82 -- 47. Razgrom avstiĭskoi armii pod Lʹvovom, N 20 -- 48. Porazhenie germanskikh voĭsk u Gumbinnena, N 6 -- 49. Boĭ s nemt︠s︡ami pod Lipsko, N 21 -- 50. Zakhvat avstriĭskogo dirizhabli︠a︡, N 5 -- 51. Voĭna v vozdukhe. Podvig Pegu, N 41 -- 52. Geroĭskie podvigi divizii generala G. na Kavkazskom fronte, N 103 -- 53. Bitva s nemt︠s︡ami na reke Bzure, N 78 -- 54. Boĭ pod Lʹvovom -- 55. Velikai︠a︡ Evropeĭskai︠a︡ voĭna. Na avstriĭskom fronte. Pokhod v Vengrii︠u︡ -- 56. Velikai︠a︡ voĭna. Stychka kazakov s avstriĭt︠s︡ami pri vzi︠a︡tii Galicha -- 57. Velikai︠a︡ Evropeĭskai︠a︡ voĭna. Kontr-ataka russkikh voĭsk protiv Avstro-Germant︠s︡ev, N 199 -- 58. Velikai︠a︡ Evropeĭskai︠a︡ voĭna. Perekhod cherez Karpaty, N 195 -- 59. Velikai︠a︡ Evropeĭskai︠a︡ voĭna. Geroĭskiĭ podvid Avvakuma Volkova, vzi︠a︡vshego avstriĭskoe znami︠a︡, N 182 -- 60. Velikai︠a︡ Evropeĭskai︠a︡ voĭna. Boĭ pod Avgustovym. Perekhod nemet︠s︡kikh voĭsk cherez Neman, N 181 -- 61. Velikai︠a︡ Evropeĭskai︠a︡ voĭna. Geroĭskiĭ podvig kazaka Gumilova, spasshego ofit︠s︡era, N 178 -- 62. Velikai︠a︡ Evropeĭskai︠a︡ voĭna. Geroĭskiĭ podvig i gibelʹ znamenitogo letchika sht.-kapitana N.P.Nesterova, N 173 -- 63. Velikai︠a︡ Evropeĭskai︠a︡ voĭna. Vzi︠a︡tie Galicha russkimi voĭskami pod komandoĭ general-leĭtenanta A.A.Brusilova, nagrazhdennogo za eto delo Georgiem 4-oĭ stepeni, N 169 -- 64. Velikai︠a︡ Evropeĭskai︠a︡ voĭna. Strazhniki-geroi, N 166.
=505  0\$a65. Velikai︠a︡ Evropeĭskai︠a︡ voĭna. Vozdushnyĭ boĭ. Geroĭskiĭ podvig frant︠s︡uzskogo letchika Garrosa, N 164 -- 66. Polozhenie turok na Ėrzerumskom fronte, N 43 -- 67. Istreblenie germanskikh artilleriĭskikh batareĭ -- 68. Vzi︠a︡tie germanskikh pozit︠s︡iĭ nashim sibirskim otri︠a︡dom -- 69. Skhvatka nashego otri︠a︡da s germant︠s︡ami pod Ilovym i Lovichem -- 70. Nemt︠s︡y, razbitye loshadʹmi -- 71. Istreblenie avstriĭskogo otri︠a︡da shrapnelʹnym ognem pri vzi︠a︡tii perevala Kali-baba v Karpatakh -- 72. Boĭ pod Peremyshlem -- 73. Geroĭskii podvig sestry miloserdii︠a︡.
=650  \0$aPosters, Russian
=650  \0$aWorld War, 1914-1918$vPosters
=651  \0$aRussia$xMilitary history$vPosters.
=730  0\$aBatalʹnye lubki.
=859  \\$aXLD$bWW1
=852  4\$cDRT$jDigital Store HS.74/274$aBritish Library$bHMNTS
=957  \\$a820831d
=975  \\$aC
=985  \\$aCorrected by MS generated file for WR# 12.037
=CAT  \\$aBATCH-DCW$b00$c20131128$lBLL01$h0159
=CAT  \\$aWR14.046$c20140417$lBLL01$h1725
=CAT  \\$aWR13.144/5$c20140418$lBLL01$h1049
=FIN  \\$aY$d20131128
=LKR  \\$aPAR$lBLL01$r776$b012554951$m[A collection of Russian First World War posters].$n[A collection of Russian First World War posters].
=DGM  \\$a012554951$bCatBridge variable field
=DRT  \\$aWW1
=SRC  \\$aWW1$bEuropeana_Collections_1914-1918_20131114_1
=OHC  \\$a1
=LAS  \\$aWR13.144/5$b00$c20140418$lBLL01$h1049

