=LDR  01819 am a2200445ua 4500
=001  016553271
=003  Uk
=005  20131128015913.0
=007  cr\mn\024mpada
=008  111019m19141916ru\a\\\\s\\\\|001\0|rus\\
=FMT  \\$a  BK
=040  \\$aUk$cUk
=245  02$a[A collection of Russian posters of World War I.]
=260  \\$aMoskva$c1914-[1916?].
=300  \\$a41 posters.
=336  \\$atext$2rdacontent
=337  \\$acomputer$2rdamedia
=338  \\$aonline$2rdacarrier
=500  \\$aThe 41 posters in this collection are also catalogued individually. A full list of titles with shelfmarks can be found on the British Library website at http://www.bl.uk/reshelp/pdfs/russposters.pdf
=505  2\$aPartial contents: includes posters illustrated by Kazimir Malevich, Vladimir Mayakovsky and Dmitriĭ Moor.
=505  2\$aVoennyi lubok.
=650  \0$aWorld War, 1914-1918$vPictorial works
=650  \0$aWorld War, 1914-1918$vPosters
=700  1\$aMalevich, Kazimir Severinovich,$d1878-1935.
=700  1\$aMayakovsky, Vladimir,$d1893-1930.
=700  1\$aMoor, Dmitriĭ Stakhievich,$d1883-1946.
=859  \\$aXLD$bWW1
=852  4\$cDRT$jDigital Store HS.74/273$aBritish Library$bHMNTS
=CAT  \\$aBATCH-DCW$b00$c20131128$lBLL01$h0159
=CAT  \\$aWR14.046$c20140417$lBLL01$h1725
=CAT  \\$aWR13.144/5$c20140418$lBLL01$h1049
=CAT  \\$aBATCH-UPD$b00$c20141213$lBLL01$h0533
=CAT  \\$aBATCH-UPD$b00$c20150424$lBLL01$h0401
=FIN  \\$aY$d20131128
=LKR  \\$aPAR$lBLL01$r776$b015953210$m[A collection of Russian posters of World War I.]$n[A collection of Russian posters of World War I.]
=DGM  \\$a015953210$bCatBridge variable field
=DRT  \\$aWW1
=SRC  \\$aWW1$bEuropeana_Collections_1914-1918_20131114_1
=OHC  \\$a1
=LAS  \\$aBATCH-UPD$b00$c20150424$lBLL01$h0401

