=LDR  02322cem a2200517 a 4500
=001  016553272
=003  Uk
=005  20221213161024.0
=007  cr\mn\024mpada
=007  aj\canzn
=008  120123s1919\\\\xx\||||||\a\\\\\0\\\eng|\
=FMT  \\$a  MP
=034  1\$3Sheet 1.$aa$b250000$dE0032746$eE0052628$fN0511437$gN0501906$2bound
=034  1\$3Sheet 2.$aa$b250000$dE0062649$eE0063341$fN0504949$gN0504515$2bound
=040  \\$aUk$beng$cUk
=082  04$a912.43$223
=082  04$a912.493$223
=245  00$a29th Division. March through Belgium and Germany across the Rhine to bridgehead.
=255  \\$aScale of sheet 1, 1:250 000$c(E 3°27'46"--E 5°26'28"/N 51°14'37"--N 50°19'06").
=255  \\$aScale of sheet 2, 1:250 000$c(E 6°26'49"--E 6°33'41"/N 50°49'49"--N 50°45'15").
=264  \1$a[Place of publication not identified] :$bField Svy Bn. R.E. (10053),$c1919.
=300  \\$a1 map on 2 sheets ;$c41 x 54 cm
=336  \\$acartographic image$2rdacontent
=337  \\$acomputer$2rdamedia
=338  \\$aonline$2rdacarrier
=500  \\$aMap shows the route of the Allied 29th Division's march through Belgium and Germany between the 18th November and 16th December 1918 to secure the Rhine bridgehead following the cessation of hostilities in the First World War.
=500  \\$aDated 12-1-19.
=650  \0$aWorld War, 1914-1918.
=651  \0$aBelgium$vMaps.
=651  \0$aGermany$vMaps.
=655  \0$aMaps
=776  0\$t29th Division. March through Belgium and Germany across the Rhine to bridgehead.$w(Uk)016013584
=859  \\$aXLD$bWW1
=852  4\$cDRT$jDigital Store Maps X.9052.$aBritish Library$bMAPS
=985  \\$aUpgraded from BL georeferencer data 2022-12-06.
=CAT  \\$aBATCH-DCW$b00$c20131128$lBLL01$h0159
=CAT  \\$aWR14.046$c20140417$lBLL01$h1725
=CAT  \\$aWR13.144/5$c20140418$lBLL01$h1049
=CAT  \\$a14185$b40$c20221213$lBLL01$h1610
=FIN  \\$aY$d20131128
=LKR  \\$aPAR$lBLL01$r776$b016013584$m29th Division. March through Belgium and Germany across the Rhine to bridgehead.$n29th Division. March through Belgium and Germany across the Rhine to bridgehead.
=DGM  \\$a016013584$bCatBridge variable field
=DRT  \\$aWW1
=SRC  \\$aWW1$bEuropeana_Collections_1914-1918_20131114_1
=OHC  \\$a1
=LAS  \\$a14185$b40$c20221213$lBLL01$h1610

