=LDR  02230cem a2200541 a 4500
=001  016553273
=003  Uk
=005  20221208160917.0
=007  cr\mn\024mpada
=007  aj\canzn
=008  120719s1918\\\\xxkdg||||\a\\\\s0\\\eng|\
=FMT  \\$a  MP
=034  1\$aa$b600000$dE0024403$eE0003848$fN0502854$gN0050601$2bound
=040  \\$aUk$beng$cUk
=082  04$a912.44$223
=082  04$a912.493$223
=110  1\$aGreat Britain.$bWar Office.$bGeneral Staff.$bGeographical Section.
=245  14$aThe Western Front. GSGS 3649.
=255  \\$aScale 1:600,000$c(E 1°29'09"--E 7°28'10"/N 52°0'43"--N 47°23'51").
=264  \1$a[Place of publication not identified] ::$bOrdnance Survey,$c1918.
=300  \\$a1 map :$bcol.
=336  \\$acartographic image$2rdacontent
=337  \\$acomputer$2rdamedia
=338  \\$aonline$2rdacarrier
=500  \\$aShows front line as at June 12th 1918. Also shows German advances of March 21st to April 26th, June 9th to 12th, and May 27th to June 5th.
=500  \\$aShows the entire Western Front from the North Sea to the border of Switzerland. Includes north eastern France, Belgium, the adjoining areas of the Netherlands and Germany, and the Grand Duchy of Luxembourg.
=650  \0$aWorld War, 1914-1918$xCampaigns$zWestern Front$vMaps.
=650  \0$aWorld War, 1914-1918$xCampaigns$zWestern Front.
=651  \0$aBelgium$vMaps.
=651  \0$aFrance$vMaps.
=655  \0$aMaps
=655  \4$aMap
=859  \\$aXLD$bWW1
=852  4\$cDRT$jDigital Store Maps C.14.g.97.$aBritish Library$bMAPS
=985  \\$aUpgraded from BL georeferencer data 2022-12-06.
=CAT  \\$aBATCH-DCW$b00$c20131128$lBLL01$h0159
=CAT  \\$aWR14.046$c20140417$lBLL01$h1725
=CAT  \\$aWR13.144/5$c20140418$lBLL01$h1049
=CAT  \\$aBATCH-UPD$b00$c20150520$lBLL01$h1025
=CAT  \\$a14185$b40$c20221208$lBLL01$h1547
=CAT  \\$a14185$b40$c20221208$lBLL01$h1609
=FIN  \\$aY$d20131128
=LKR  \\$aPAR$lBLL01$r776$b016128596$mThe Western Front. GSGS 3649.$nThe Western Front. GSGS 3649.
=DGM  \\$a016128596$bCatBridge variable field
=DRT  \\$aWW1
=SRC  \\$aWW1$bEuropeana_Collections_1914-1918_20131114_1
=OHC  \\$a1
=LAS  \\$a14185$b40$c20221208$lBLL01$h1609

