=LDR  02113cem a2200553 a 4500
=001  016553274
=003  Uk
=005  20230726140721.0
=007  cr\mn\024mpada
=007  aj\canzn
=008  120719s1917\\\\xxka|||||\a\\\\\0\\\eng|\
=FMT  \\$a  MP
=034  1\$aa$b10000$dE0024855$eE0025336$fN0502222$gN0502008$2bound
=040  \\$aUk$beng$cUk
=082  04$a912.4427$223
=110  1\$aGreat Britain.$bWar Office.$bGeneral Staff.$bGeographical Section.
=245  10$aWestern road.
=255  \\$aScale 1:10,000$c(E 2°48'55"--E 2°53'36"/N 50°22'22"--N 50°20'08").
=264  \1$a[Place of publication not identified] :$bField Survey Co., R.E. 5553.,$c1917.
=300  \\$a1 map :$bcolour
=336  \\$acartographic image$2rdacontent
=337  \\$acomputer$2rdamedia
=338  \\$aonline$2rdacarrier
=500  \\$aCovers area between Arleux-en-Gohelle, Farbus and Bailleul, north east of Arras in the Nord-Pas-de-Calais, France.
=500  \\$aRelief shown by contour lines.
=500  \\$aTrenches corrected to 14.12.17.
=500  \\$aUpper right margin: 'Secret. Not to be taken beyond Brigade H.Q.'
=650  \0$aWorld War, 1914-1918$xTrench Warfare$vMaps.
=650  \0$aWorld War, 1914-1918$xTrench warfare.
=651  \0$aNord-Pas-de-Calais (France)$vMaps.
=655  \0$aMaps
=655  \4$aMap
=776  0\$tWestern road.$w(Uk)016128602
=859  \\$aXLD$bWW1
=852  4\$cDRT$jDigital Store Maps C.14.C.325.$aBritish Library$bMAPS
=985  \\$aUpgraded from BL georeferencer data 2022-12-06.
=CAT  \\$aBATCH-DCW$b00$c20131128$lBLL01$h0159
=CAT  \\$aWR14.046$c20140417$lBLL01$h1725
=CAT  \\$aWR13.144/5$c20140418$lBLL01$h1049
=CAT  \\$aBATCH-UPD$b00$c20150520$lBLL01$h1025
=CAT  \\$a14185$b40$c20221208$lBLL01$h1038
=CAT  \\$a8874$b40$c20230726$lBLL01$h1407
=FIN  \\$aY$d20131128
=LKR  \\$aPAR$lBLL01$r776$b016128602$mWestern road.$nWestern road.
=DGM  \\$a016128602$bCatBridge variable field
=DRT  \\$aWW1
=SRC  \\$aWW1$bEuropeana_Collections_1914-1918_20131114_1
=OHC  \\$a1
=LAS  \\$a8874$b40$c20230726$lBLL01$h1407

