=LDR  02270cem a2200565 a 4500
=001  016553276
=003  Uk
=005  20221208160900.0
=007  cr\mn\024mpada
=007  aj\canzn
=008  120719s1916\\\\xxkag||||\a\\\\s0\\\eng|\
=FMT  \\$a  MP
=034  1\$aa$b40000$dE0024403$eE0003848$fN0502854$gN0050601$2bound
=040  \\$aUk$beng$cUk
=082  04$a912.4426$223
=082  04$a912.4427$223
=110  1\$aGreat Britain.$bWar Office.$bGeneral Staff.$bGeographical Section.
=245  10$a[Somme Front]. GSGS 3316.
=255  \\$aScale 1:40,000$c(E 2°36'58"--E 3°2'43"/N 50°9'46"--N 49°46'52").
=264  \1$a[Place of publication not identified] :$bOrdnance Survey,$c1916.
=300  \\$a1 map :$bcol.
=336  \\$acartographic image$2rdacontent
=337  \\$acomputer$2rdamedia
=338  \\$aonline$2rdacarrier
=500  \\$aCovers area in Picardy and Nord-Pas-de-Calais in northern France. Includes Athies, Rosieres-en-Santerre, Bray-sur-Somme, Peronne and Bapaume.
=500  \\$aRelief shown by contour lines and spot heights
=500  \\$aShows 'Allied advance during the period 31st October to 21st November'.
=500  \\$aShows line on 31st October, 7th November, 14th November, and 21st November.
=650  \0$aWorld War, 1914-1918$xCampaigns$zWestern Front$vMaps.
=650  \0$aWorld War, 1914-1918$xCampaigns$zWestern Front.
=651  \0$aNord-Pas-de-Calais (France)$vMaps.
=651  \0$aPicardy (France)$vMaps.
=655  \0$aMaps
=655  \4$aMap
=859  \\$aXLD$bWW1
=852  4\$cDRT$jDigital Store Maps C.14.f.20.$aBritish Library$bMAPS
=985  \\$aUpgraded from BL georeferencer data 2022-12-06.
=CAT  \\$aBATCH-DCW$b00$c20131128$lBLL01$h0159
=CAT  \\$aWR14.046$c20140417$lBLL01$h1725
=CAT  \\$aWR13.144/5$c20140418$lBLL01$h1049
=CAT  \\$aBATCH-UPD$b00$c20150520$lBLL01$h1027
=CAT  \\$a14185$b40$c20221208$lBLL01$h1548
=CAT  \\$a14185$b40$c20221208$lBLL01$h1609
=FIN  \\$aY$d20131128
=LKR  \\$aPAR$lBLL01$r776$b016128613$m[Somme Front]. GSGS 3316.$n[Somme Front]. GSGS 3316.
=DGM  \\$a016128613$bCatBridge variable field
=DRT  \\$aWW1
=SRC  \\$aWW1$bEuropeana_Collections_1914-1918_20131114_1
=OHC  \\$a1
=LAS  \\$a14185$b40$c20221208$lBLL01$h1609

