=LDR  02188cem a2200541 a 4500
=001  016553277
=003  Uk
=005  20221209082511.0
=007  cr\mn\024mpada
=007  aj\canzn
=008  120719s1916\\\\xxkdg||||\a\\\\s0\\\eng|\
=FMT  \\$a  MP
=034  1\$aa$dE0024403$eE0003848$fN0502854$gN0050601$2bound
=040  \\$aUk$beng$cUk
=082  04$a912.4426$223
=082  04$a912.4427$223
=110  1\$aGreat Britain.$bWar Office.$bGeneral Staff.$bGeographical Section.
=245  10$aBattle of the Somme :$bsituations in July, 1916. GSGS 3274.
=255  \\$aScale not determined$c(E 2°36'17"--E 3°3'28"/N 50°7'47"--N 49°46'03").
=264  \1$a[Place of publication not identified] :$bOrdance Survey,$c1916.
=300  \\$a1 map :$bcol.
=336  \\$acartographic image$2rdacontent
=337  \\$acomputer$2rdamedia
=338  \\$aonline$2rdacarrier
=500  \\$aShows 'Original line', line on 7th July, 14th July, 21st July, and 31st July for British and French forces.
=500  \\$aShows area between Picardy and Nord-Pas-de-Calais in northern France. Includes Albert, Rosieres-en-Santerre, Peronne and Bapaume.
=650  \0$aWorld War, 1914-1918$xCampaigns$zWestern Front$vMaps.
=650  \0$aWorld War, 1914-1918$xCampaigns$zWestern Front.
=651  \0$aNord-Pas-de-Calais (France)$vMaps.
=651  \0$aPicardy (France)$vMaps.
=655  \4$aMap
=859  \\$aXLD$bWW1
=852  4\$cDRT$jDigital Store Maps C.14.g.2.$aBritish Library$bMAPS
=985  \\$aUpgraded from BL georeferencer data 2022-12-06.
=CAT  \\$aBATCH-DCW$b00$c20131128$lBLL01$h0159
=CAT  \\$aWR14.046$c20140417$lBLL01$h1725
=CAT  \\$aWR13.144/5$c20140418$lBLL01$h1049
=CAT  \\$aBATCH-UPD$b00$c20150520$lBLL01$h1027
=CAT  \\$a14185$b40$c20221208$lBLL01$h1548
=CAT  \\$a14185$b40$c20221208$lBLL01$h1608
=CAT  \\$a14185$b40$c20221209$lBLL01$h0825
=FIN  \\$aY$d20131128
=LKR  \\$aPAR$lBLL01$r776$b016128651$mBattle of the Somme.$nBattle of the Somme.
=DGM  \\$a016128651$bCatBridge variable field
=DRT  \\$aWW1
=SRC  \\$aWW1$bEuropeana_Collections_1914-1918_20131114_1
=OHC  \\$a1
=LAS  \\$a14185$b40$c20221209$lBLL01$h0825

