=LDR  02032cem a2200505 a 4500
=001  016553278
=003  Uk
=005  20230726140731.0
=007  cr\mn\024mpada
=007  aj\canzn
=008  120719s1917\\\\xxka|||||\a\\\\\0\\\eng|\
=FMT  \\$a  MP
=034  1\$aa$b20000$dE0025727$eE0003648$fN0505850$gN0505419$2bound
=040  \\$aUk$beng$cUk
=082  04$a912.49312$223
=110  1\$aGreat Britain.$bWar Office.$bGeneral Staff.$bGeographical Section.
=245  10$aOostnieuwkerke. Hostile artillery dispositions. October 3rd 1917.
=255  \\$aScale 1:20,000$c(E 2°57'27"--E 3°6'48"/N 50°58'50"--N 50°54'19").
=264  \1$a[Place of publication not identified] :$bF.S. Co. 1206,$c1917.
=300  \\$a1 map
=336  \\$acartographic image$2rdacontent
=337  \\$acomputer$2rdamedia
=338  \\$aonline$2rdacarrier
=500  \\$aCovers an area to the south of Staden, north of Passchendaele.
=500  \\$aPart of sheet 20.
=650  \0$aWorld War 1914-1918$xCampaigns$zWestern Front$vMaps.
=651  \0$aWest Flanders (Belgium)$vMaps.
=655  \0$aMaps
=776  0\$tOostnieuwkerke. Hostile artillery dispositions. October 3rd 1917.$w(Uk)016128654
=859  \\$aXLD$bWW1
=852  4\$cDRT$jDigital Store Maps C.14.d.138.$aBritish Library$bMAPS
=985  \\$aUpgraded from BL georeferencer data 2022-12-06.
=CAT  \\$aBATCH-DCW$b00$c20131128$lBLL01$h0159
=CAT  \\$aWR14.046$c20140417$lBLL01$h1725
=CAT  \\$aWR13.144/5$c20140418$lBLL01$h1049
=CAT  \\$aBATCH-UPD$b00$c20150520$lBLL01$h1025
=CAT  \\$a14185$b40$c20221208$lBLL01$h1054
=CAT  \\$a8874$b40$c20230726$lBLL01$h1407
=FIN  \\$aY$d20131128
=LKR  \\$aPAR$lBLL01$r776$b016128654$mOostnieuwkerke. Hostile artillery dispositions. October 3rd 1917.$nOostnieuwkerke. Hostile artillery dispositions. October 3rd 1917.
=DGM  \\$a016128654$bCatBridge variable field
=DRT  \\$aWW1
=SRC  \\$aWW1$bEuropeana_Collections_1914-1918_20131114_1
=OHC  \\$a1
=LAS  \\$a8874$b40$c20230726$lBLL01$h1407

