=LDR  02502cem a2200589 a 4500
=001  016553279
=003  Uk
=005  20221208160834.0
=007  cr\mn\024mpada
=007  aj\canzn
=008  120719s1921\\\\xxkg|||||\a\\\\s0\\\eng|\
=FMT  \\$a  MP
=034  1\$aa$b1000000$dE0024403$eE0003848$fN0502854$gN0050601$2bound
=040  \\$aUk$beng$cUk
=082  04$a912.43$223
=082  04$a912.44$223
=082  04$a912.493$223
=110  1\$aGreat Britain.$bWar Office.$bGeneral Staff.$bGeographical Section.
=245  10$aSeine, Meuse and Rhine basins. Shewing areas of occupation of the Allied armies. July 1921. GSGS 3695b.
=255  \\$aScale 1,000,000$c(W 1°44'15"--E 12°11'09"/N 52°7'07"--N 46°49'59").
=264  \1$a[Place of publication not identified] :$b[G.S.G.S.],$c1921.
=300  \\$a1 map :$bcol.
=336  \\$acartographic image$2rdacontent
=337  \\$acomputer$2rdamedia
=338  \\$aonline$2rdacarrier
=520  \\$aFirst World War map of the territory in Western Germany occupied by the Allied Armies and the stages of evacuation according to article 429 of the peace treaty. Situation for July 1921.
=500  \\$aMap shows Belgian, French, American and British areas of occupation in Germany following the end of the First World War.
=650  \0$aGermany.
=650  \0$aMilitary occupation$zGermany$vMaps.
=650  \0$aWorld War, 1914-1918$bGermany$vMaps.
=650  \0$aWorld War, 1914-1918.
=651  \0$aBelgium$vMaps.
=651  \0$aFrance$vMaps.
=651  \0$aGermany$vMaps.
=655  \0$aMaps
=655  \4$aMap
=859  \\$aXLD$bWW1
=852  4\$cDRT$jDigital Store Maps C.14.g.133.$aBritish Library$bMAPS
=985  \\$aUpgraded from BL georeferencer data 2022-12-06.
=CAT  \\$aBATCH-DCW$b00$c20131128$lBLL01$h0159
=CAT  \\$aWR14.046$c20140417$lBLL01$h1725
=CAT  \\$aWR13.144/5$c20140418$lBLL01$h1049
=CAT  \\$aBATCH-UPD$b00$c20150520$lBLL01$h1024
=CAT  \\$a14185$b40$c20221208$lBLL01$h1549
=CAT  \\$a14185$b40$c20221208$lBLL01$h1608
=FIN  \\$aY$d20131128
=LKR  \\$aPAR$lBLL01$r776$b016128661$mSeine, Meuse and Rhine basins. Shewing areas of occupation of the Allied armies. July 1921. GSGS 3695b.$nSeine, Meuse and Rhine basins. Shewing areas of occupation of the Allied armies. July 1921. GSGS 3695b.
=DGM  \\$a016128661$bCatBridge variable field
=DRT  \\$aWW1
=SRC  \\$aWW1$bEuropeana_Collections_1914-1918_20131114_1
=OHC  \\$a1
=LAS  \\$a14185$b40$c20221208$lBLL01$h1608

