=LDR  02211cem a2200565 a 4500
=001  016553280
=003  Uk
=005  20221208160756.0
=007  cr\mn\024mpada
=007  aj\canzn
=008  120719s1915\\\\xxkag||||\a\\\\s0\\\eng|\
=FMT  \\$a  MP
=034  1\$aa$b40$dE0024403$eE0003848$fN0502854$gN0050601$2bound
=040  \\$aUk$beng$cUk
=041  0\$aeng$ahin
=082  04$a912.4427$223
=110  1\$aGreat Britain.$bWar Office.$bGeneral Staff.$bGeographical Section.
=245  10$aFrance 1:40,000. Sheet 36c. (Indian Contingent). GSGS 3091.
=250  \\$aThird ed.
=255  \\$aScale 1:40,000$c(E 2°44'03"--E 3°11'20"/N 50°32'55"--N 50°21'32").
=264  \1$a[Place of publication not identified] :$bO.S.O.,$c1915.
=300  \\$a1 map :$bcol.
=336  \\$acartographic image$2rdacontent
=337  \\$acomputer$2rdamedia
=338  \\$aonline$2rdacarrier
=500  \\$aCovers area in the Nord-Pas-de-Calais region, northern France, which includes Douai, Lens, La Bassee and Templeuve.
=500  \\$aPlace names in French and Hindi.
=500  \\$aRevised system of squaring.
=546  \\$aLegend in English and Hindi.
=650  \0$aWorld War 1914-1918$xCampaigns$zWestern Front$vMaps.
=650  \0$aWorld War, 1914-1918$xCampaigns$zWestern Front.
=651  \0$aNord-Pas-de-Calais (France)$vMaps.
=655  \0$aMaps
=655  \4$aMap
=859  \\$aXLD$bWW1
=852  4\$cDRT$jDigital Store Maps C.14.f.4.$aBritish Library$bMAPS
=985  \\$aUpgraded from BL georeferencer data 2022-12-06.
=CAT  \\$aBATCH-DCW$b00$c20131128$lBLL01$h0159
=CAT  \\$aWR14.046$c20140417$lBLL01$h1725
=CAT  \\$aWR13.144/5$c20140418$lBLL01$h1049
=CAT  \\$aBATCH-UPD$b00$c20150520$lBLL01$h1027
=CAT  \\$a14185$b40$c20221208$lBLL01$h1549
=CAT  \\$a14185$b40$c20221208$lBLL01$h1607
=FIN  \\$aY$d20131128
=LKR  \\$aPAR$lBLL01$r776$b016128671$mFrance 1:40,000. Sheet 36c. (Indian Contingent). GSGS 3091.$nFrance 1:40,000. Sheet 36c. (Indian Contingent). GSGS 3091.
=DGM  \\$a016128671$bCatBridge variable field
=DRT  \\$aWW1
=SRC  \\$aWW1$bEuropeana_Collections_1914-1918_20131114_1
=OHC  \\$a1
=LAS  \\$a14185$b40$c20221208$lBLL01$h1607

