=LDR  02372cem a2200577 a 4500
=001  016553281
=003  Uk
=005  20221208160736.0
=007  cr\mn\024mpada
=007  aj\canzn
=008  120719s1918\\\\xxk||||||\a\\\\s0\\\eng|\
=FMT  \\$a  MP
=034  1\$aa$b750000$dE0024403$eE0003848$fN0502854$gN0050601$2bound
=040  \\$aUk$beng$cUk
=082  04$a912.43$223
=082  04$a912.44$223
=082  04$a912.493$223
=110  1\$aGreat Britain.$bWar Office.$bGeneral Staff.$bGeographical Section.
=245  10$aDistribution of the German forces on the Western Front :$baccording to a captured map dated 30th October 1918.
=255  \\$aScale 1:750,000$c(E 0°45'53"--E 9°3'19"/N 51°32'53"--N 47°19'10").
=264  \1$a[Place of publication not identified] :$b[G.S.G.S.],$c1918.
=300  \\$a1 map :$bcol.
=336  \\$acartographic image$2rdacontent
=337  \\$acomputer$2rdamedia
=338  \\$aonline$2rdacarrier
=500  \\$aArea of Germany shown is mostly west of the Rhine.
=500  \\$aInformation overprinted on Map of the Western Theatre of War. GSGS 2862. Ordnance Survey. 1916.
=500  \\$aNote on map: 'The Divisions are reproduced as given on the original Map. The exact meaning of the conventional signs against Divisions in reserve is not known.'
=650  \0$aWorld War, 1914-1918$xTrench Warfare$vMaps.
=650  \0$aWorld War, 1914-1918$xTrench warfare.
=651  \0$aBelgium$vMaps.
=651  \0$aFrance$vMaps.
=651  \0$aGermany$vMaps.
=655  \0$aMaps
=655  \4$aMap
=859  \\$aXLD$bWW1
=852  4\$cDRT$jDigital Store Maps C.14.g.130.$aBritish Library$bMAPS
=985  \\$aUpgraded from BL georeferencer data 2022-12-06.
=CAT  \\$aBATCH-DCW$b00$c20131128$lBLL01$h0159
=CAT  \\$aWR14.046$c20140417$lBLL01$h1725
=CAT  \\$aWR13.144/5$c20140418$lBLL01$h1049
=CAT  \\$aBATCH-UPD$b00$c20150520$lBLL01$h1025
=CAT  \\$a14185$b40$c20221208$lBLL01$h1549
=CAT  \\$a14185$b40$c20221208$lBLL01$h1607
=FIN  \\$aY$d20131128
=LKR  \\$aPAR$lBLL01$r776$b016128675$mDistribution of the German forces on the Western Front$nDistribution of the German forces on the Western Front
=DGM  \\$a016128675$bCatBridge variable field
=DRT  \\$aWW1
=SRC  \\$aWW1$bEuropeana_Collections_1914-1918_20131114_1
=OHC  \\$a1
=LAS  \\$a14185$b40$c20221208$lBLL01$h1607

