=LDR  02272cem a2200577 i 4500
=001  016553282
=003  Uk
=005  20230726140601.0
=007  cr\mn\024mpada
=007  aj\canzn
=008  120719s1916\\\\xxk||||||\a\\\s\0\\\eng|\
=FMT  \\$a  MP
=034  1\$aa$b10000$dE0022016$eE0022220$fN0502129$gN0502019$2bound
=040  \\$aUk$beng$cUk$erda
=041  0\$aeng
=042  \\$aukblsr
=082  04$a912.4427$223
=110  1\$aGreat Britain.$bWar Office.$bGeneral Staff.$bGeographical Section.
=245  10$aBrigade trench map. Area M. GSGS 3134.
=255  \\$aScale approximately 1:10,000$c(E 2°20'16"--E 2°22'20"/N 50°21'29"--N 50°20'19").
=264  \1$a[Place of publication not identified] :$bOrdnance Survey,$c1916.
=300  \\$a1 map ;$bcolour
=336  \\$acartographic image$2rdacontent
=337  \\$acomputer$2rdamedia
=338  \\$aonline$2rdacarrier
=500  \\$aIn right margin: 'Notes on the country and enemy's positions on the III Corps Front'.
=500  \\$aPortions of sheets 36 N.W. 3 & 4, 36 S.W. 1 & 2.
=651  \0$aLe Maisnil (France)$vMaps.
=650  \0$aWorld War, 1914-1918$xTrench Warfare$vMaps.
=655  \7$aMaps.$2fast$0(OCoLC)fst01423704
=776  0\$tBrigade trench map. Area M. GSGS 3134.$w(Uk)019748286
=859  \\$aXLD$bWW1
=852  4\$aBritish Library$bMAPS$cDRT$jDigital Store Maps C.14.c.381.
=985  \\$aUpgraded from BL georeferencer data 2022-12-06.
=985  \\$aUpdated by MS generated file for WR2302-017
=CAT  \\$aBATCH-DCW$b00$c20131128$lBLL01$h0159
=CAT  \\$aWR14.046$c20140417$lBLL01$h1725
=CAT  \\$aWR13.144/5$c20140418$lBLL01$h1049
=CAT  \\$aBATCH-UPD$b00$c20150520$lBLL01$h1027
=CAT  \\$a6550$b40$c20200313$lBLL01$h1231
=CAT  \\$a6550$b40$c20201020$lBLL01$h1342
=CAT  \\$a14185$b40$c20221208$lBLL01$h1047
=CAT  \\$aW2302-0174$c20230223$lBLL01$h2000
=CAT  \\$a8874$b40$c20230726$lBLL01$h1406
=FIN  \\$aY$d20131128
=LKR  \\$aPAR$lBLL01$r776$b019748286$mBrigade trench map. Area M. GSGS 3134.$nBrigade trench map. Area M. GSGS 3134.
=DGM  \\$a016128680$bCatBridge variable field
=DRT  \\$aWW1
=SRC  \\$aWW1$bEuropeana_Collections_1914-1918_20131114_1
=OHC  \\$a1
=LAS  \\$a8874$b40$c20230726$lBLL01$h1406

