=LDR  02199cem a2200529 a 4500
=001  016553283
=003  Uk
=005  20221208160641.0
=007  cr\mn\024mpada
=007  aj\canzn
=008  120719s1918\\\\xxk||||||\a\\\\s0\\\eng|\
=FMT  \\$a  MP
=034  1\$aa$b500000$dE0024403$eE0003848$fN0502854$gN0050601$2bound
=040  \\$aUk$beng$cUk
=082  04$a912.44$223
=082  04$a912.493$223
=110  1\$aGreat Britain.$bWar Office.$bGeneral Staff.$bGeographical Section.
=245  10$aBritish battles during 1918 (8th Aug. to 11th Nov. 1918). GSGS 3718.
=255  \\$aScale 1:500,000$c(E 2°22'14"--E 4°19'30"/N 51°15'48"--N 49°31'33").
=264  \1$a[Place of publication not identified] :$bWar Office,$c[1918].
=300  \\$a1 map :$bcol.
=336  \\$acartographic image$2rdacontent
=337  \\$acomputer$2rdamedia
=338  \\$aonline$2rdacarrier
=500  \\$aColour coded map shows German reversals and numbers of guns and prisoners taken by the Allied forces. In right margin 'The battles and their effects' describes the Allied battles and advances in chronological order.
=650  \0$aWorld War, 1914-1918$xCampaigns$zWestern Front$vMaps.
=650  \0$aWorld War, 1914-1918$xCampaigns$zWestern Front.
=651  \0$aBelgium$vMaps.
=651  \0$aFrance$vMaps.
=655  \0$aMaps
=655  \4$aMap
=859  \\$aXLD$bWW1
=852  4\$cDRT$jDigital Store Maps C.14.g.122.$aBritish Library$bMAPS
=985  \\$aUpgraded from BL georeferencer data 2022-12-06.
=CAT  \\$aBATCH-DCW$b00$c20131128$lBLL01$h0159
=CAT  \\$aWR14.046$c20140417$lBLL01$h1725
=CAT  \\$aWR13.144/5$c20140418$lBLL01$h1049
=CAT  \\$aBATCH-UPD$b00$c20150520$lBLL01$h1025
=CAT  \\$a14185$b40$c20221208$lBLL01$h1550
=CAT  \\$a14185$b40$c20221208$lBLL01$h1606
=FIN  \\$aY$d20131128
=LKR  \\$aPAR$lBLL01$r776$b016128694$mBritish battles during 1918 (8th Aug. to 11th Nov. 1918). GSGS 3718.$nBritish battles during 1918 (8th Aug. to 11th Nov. 1918). GSGS 3718.
=DGM  \\$a016128694$bCatBridge variable field
=DRT  \\$aWW1
=SRC  \\$aWW1$bEuropeana_Collections_1914-1918_20131114_1
=OHC  \\$a1
=LAS  \\$a14185$b40$c20221208$lBLL01$h1606

