=LDR  02332cem a2200601 a 4500
=001  016553284
=003  Uk
=005  20221208160627.0
=007  cr\mn\024mpada
=007  aj\canzn
=008  120719s1918\\\\xxkg|||||\a\\\\s0\\\eng|\
=FMT  \\$a  MP
=034  1\$aa$b250000$dE0024403$eE0003848$fN0502854$gN0050601$2bound
=040  \\$aUk$beng$cUk
=082  04$a912.43$223
=082  04$a912.44$223
=082  04$a912.493$223
=082  04$a912.4935$223
=110  1\$aGreat Britain.$bWar Office.$bGeneral Staff.$bGeographical Section.
=245  14$aThe Western Front from Argonne to Vosges. GSGS 3678.
=255  \\$aScale 1:250,000$c(E 4°28'41"--E 8°10'25"/N 49°59'02"--N 48°16'53").
=260  \\$a[Place of publication not identified] :$bOrdnance Survey,$c1918.
=300  \\$a1 map :$bcol.
=336  \\$acartographic image$2rdacontent
=337  \\$acomputer$2rdamedia
=338  \\$aonline$2rdacarrier
=500  \\$aMaps covers north east area of France, Luxembourg, and adjoining areas of Belgium and Germany.
=500  \\$aShows front line as at 17th July, 1st October and 9th October 1918.
=500  \\$aShows front line from south of Vouziers to south south east of Nancy, France.
=650  \0$aWorld War, 1914-1918$xCampaigns$zWestern Front$vMaps.
=650  \0$aWorld War, 1914-1918$xCampaigns$zWestern Front.
=651  \0$aBelgium$vMaps.
=651  \0$aFrance$vMaps.
=651  \0$aGermany$vMaps.
=651  \0$aLuxembourg$vMaps.
=655  \0$aMaps
=655  \4$aMap
=859  \\$aXLD$bWW1
=852  4\$cDRT$jDigital Store Maps C.14.g.118.$aBritish Library$bMAPS
=985  \\$aUpgraded from BL georeferencer data 2022-12-06.
=CAT  \\$aBATCH-DCW$b00$c20131128$lBLL01$h0159
=CAT  \\$aWR14.046$c20140417$lBLL01$h1725
=CAT  \\$aWR13.144/5$c20140418$lBLL01$h1049
=CAT  \\$aBATCH-UPD$b00$c20150520$lBLL01$h1025
=CAT  \\$a14185$b40$c20221208$lBLL01$h1550
=CAT  \\$a14185$b40$c20221208$lBLL01$h1606
=FIN  \\$aY$d20131128
=LKR  \\$aPAR$lBLL01$r776$b016128700$mThe Western Front from Argonne to Vosges. GSGS 3678.$nThe Western Front from Argonne to Vosges. GSGS 3678.
=DGM  \\$a016128700$bCatBridge variable field
=DRT  \\$aWW1
=SRC  \\$aWW1$bEuropeana_Collections_1914-1918_20131114_1
=OHC  \\$a1
=LAS  \\$a14185$b40$c20221208$lBLL01$h1606

