=LDR  02181cem a2200553 a 4500
=001  016553287
=003  Uk
=005  20221208160533.0
=007  cr\mn\024mpada
=007  aj\canzn
=008  120730s1917\\\\xxka|||||\a\\\\s0\\\eng|\
=FMT  \\$a  MP
=034  1\$aa$b20000$dE0024403$eE0003848$fN0502854$gN0050601$2bound
=040  \\$aUk$beng$cUk
=082  04$a912.4427$223
=110  1\$aGreat Britain.$bWar Office.$bGeneral Staff.$bGeographical Section.
=245  10$aPositions map 3-12-17.
=255  \\$aScale 1:20,000$c(E 3°4'09"--E 3°17'20"/N 50°16'46"--N 50°11'14").
=260  \\$a[Place of publication not identified] :$bField Survey Co. R.E. 10260,$c1917.
=300  \\$a1 map :$bcol.
=336  \\$acartographic image$2rdacontent
=337  \\$acomputer$2rdamedia
=338  \\$aonline$2rdacarrier
=500  \\$a'Trenches revised from information received to 19-11-17'.
=500  \\$aInformation overprinted on following sheet: Sauchy-Cauchy, Special sheet. Ed 1a. Parts of 51b S.E. and 51a S.W.
=500  \\$aMap shows area north of Cambrai, France.
=500  \\$aMap shows emplacements, batteries and suspected areas.
=500  \\$aRelief shown by contour lines.
=650  \0$aWorld War, 1914-1918$xCampaigns$zWestern Front$vMaps.
=650  \0$aWorld War, 1914-1918$xCampaigns$zWestern Front.
=651  \0$aNord-Pas-de-Calais (France)$vMaps.
=655  \0$aMaps
=655  \4$aMap
=859  \\$aXLD$bWW1
=852  4\$cDRT$jDigital Store Maps C.14.d.48.$aBritish Library$bMAPS
=985  \\$aUpgraded from BL georeferencer data 2022-12-06.
=CAT  \\$aBATCH-DCW$b00$c20131128$lBLL01$h0159
=CAT  \\$aWR14.046$c20140417$lBLL01$h1725
=CAT  \\$aWR13.144/5$c20140418$lBLL01$h1049
=CAT  \\$aBATCH-UPD$b00$c20150520$lBLL01$h1025
=CAT  \\$a14185$b40$c20221208$lBLL01$h1551
=CAT  \\$a14185$b40$c20221208$lBLL01$h1605
=FIN  \\$aY$d20131128
=LKR  \\$aPAR$lBLL01$r776$b016134278$mPositions map 3-12-17.$nPositions map 3-12-17.
=DGM  \\$a016134278$bCatBridge variable field
=DRT  \\$aWW1
=SRC  \\$aWW1$bEuropeana_Collections_1914-1918_20131114_1
=OHC  \\$a1
=LAS  \\$a14185$b40$c20221208$lBLL01$h1605

