=LDR  02160cem a2200541 a 4500
=001  016553288
=003  Uk
=005  20221208160511.0
=007  cr\mn\024mpada
=007  aj\canzn
=008  120730s1917\\\\xxka|||||\a\\\\s0\\\eng|\
=FMT  \\$a  MP
=034  1\$aa$b40000$dE0024403$eE0003848$fN0502854$gN0050601$2bound
=040  \\$aUk$beng$cUk
=082  04$a912.49312$223
=110  1\$aGreat Britain.$bWar Office.$bGeneral Staff.$bGeographical Section.
=245  10$aMap showing progress in the Ypres area. GSGS 3588.
=250  \\$aEdition 6.
=255  \\$aScale 1:40,000$c(E 2°45'26"--E 3°10'49"/N 51°5'14"--N 50°43'23").
=264  \1$a[Place of publication not identified] :$bOrdnance Survey,$c1917.
=300  \\$a1 map :$bcol.
=336  \\$acartographic image$2rdacontent
=337  \\$acomputer$2rdamedia
=338  \\$aonline$2rdacarrier
=500  \\$aMap shows 'Original Allied Line' and the line as at 12th June, 1st August, 22nd August, 20th September, 26th September, 4th October, and 12th October 1917.
=650  \0$aWorld War, 1914-1918$xCampaigns$zWestern Front$vMaps.
=650  \0$aWorld War, 1914-1918$xCampaigns$zWestern Front.
=651  \0$aIeper (Belgium)$vMaps.
=651  \0$aWest Flanders (Belgium)$vMaps.
=655  \0$aMaps
=655  \4$aMap
=859  \\$aXLD$bWW1
=852  4\$cDRT$jDigital Store Maps C.14.f.26.$aBritish Library$bMAPS
=985  \\$aUpgraded from BL georeferencer data 2022-12-06.
=CAT  \\$aBATCH-DCW$b00$c20131128$lBLL01$h0159
=CAT  \\$aWR14.046$c20140417$lBLL01$h1725
=CAT  \\$aWR13.144/5$c20140418$lBLL01$h1049
=CAT  \\$aBATCH-UPD$b00$c20150520$lBLL01$h1025
=CAT  \\$a14185$b40$c20221208$lBLL01$h1551
=CAT  \\$a14185$b40$c20221208$lBLL01$h1604
=CAT  \\$a14185$b40$c20221208$lBLL01$h1605
=FIN  \\$aY$d20131128
=LKR  \\$aPAR$lBLL01$r776$b016134301$mMap showing progress in the Ypres area. GSGS 3588.$nMap showing progress in the Ypres area. GSGS 3588.
=DGM  \\$a016134301$bCatBridge variable field
=DRT  \\$aWW1
=SRC  \\$aWW1$bEuropeana_Collections_1914-1918_20131114_1
=OHC  \\$a1
=LAS  \\$a14185$b40$c20221208$lBLL01$h1605

