=LDR  02004cem a2200529 a 4500
=001  016553289
=003  Uk
=005  20221208160502.0
=007  cr\mn\024mpada
=007  aj\canzn
=008  120730s1917\\\\xxka|||||\a\\\\s0\\\eng|\
=FMT  \\$a  MP
=034  1\$aa$b40000$dE0024403$eE0003848$fN0502854$gN0050601$2bound
=040  \\$aUk$beng$cUk
=082  04$a912.49312$223
=110  1\$aGreat Britain.$bWar Office.$bGeneral Staff.$bGeographical Section.
=245  10$a[Ypres front]. GSGS 3588.
=255  \\$aScale 1:40,000$c(E 2°45'27"--E 3°10'47"/N 51°5'13"--N 50°43'20").
=264  \1$a[Place of publication not identified] :$bOrdnance Survey,$c1917.
=300  \\$a1 map :$bcol.
=336  \\$acartographic image$2rdacontent
=337  \\$acomputer$2rdamedia
=338  \\$aonline$2rdacarrier
=500  \\$aMaps shows 'Original British Line', 'Line of 2nd Army previous to Attack' and 'Present British Line'.
=650  \0$aWorld War, 1914-1918$xCampaigns$zWestern Front$vMaps.
=650  \0$aWorld War, 1914-1918$xCampaigns$zWestern Front.
=651  \0$aIeper (Belgium)$vMaps.
=651  \0$aWest Flanders (Belgium)$vMaps.
=655  \0$aMaps
=655  \4$aMap
=859  \\$aXLD$bWW1
=852  4\$cDRT$jDigital Store Maps C.14.f.23.$aBritish Library$bMAPS
=985  \\$aUpgraded from BL georeferencer data 2022-12-06.
=CAT  \\$aBATCH-DCW$b00$c20131128$lBLL01$h0159
=CAT  \\$aWR14.046$c20140417$lBLL01$h1725
=CAT  \\$aWR13.144/5$c20140418$lBLL01$h1049
=CAT  \\$aBATCH-UPD$b00$c20150520$lBLL01$h1025
=CAT  \\$a14185$b40$c20221208$lBLL01$h1552
=CAT  \\$a14185$b40$c20221208$lBLL01$h1604
=CAT  \\$a14185$b40$c20221208$lBLL01$h1605
=FIN  \\$aY$d20131128
=LKR  \\$aPAR$lBLL01$r776$b016134364$m[Ypres front]. GSGS 3588.$n[Ypres front]. GSGS 3588.
=DGM  \\$a016134364$bCatBridge variable field
=DRT  \\$aWW1
=SRC  \\$aWW1$bEuropeana_Collections_1914-1918_20131114_1
=OHC  \\$a1
=LAS  \\$a14185$b40$c20221208$lBLL01$h1605

