=LDR  01776 am a22004333  4500
=001  016553452
=003  Uk
=005  20131128115615.0
=007  cr\mn\024mpada
=008  880209|1916||||xxc\\\\|s\\\\o|||\||eng\\
=FMT  \\$a  BK
=019  x\$a0523110006
=040  \\$aUk$cUk
=110  1\$aCanada.$bCanadian Army.$bBattalion, 77th.
=245  10$a77th Overseas Battalion, Canadian Expeditionary Force, Ottawa. [An illustrated souvenir of the training of the battalion.]
=260  \\$aOttawa,$c[1916]
=300  \\$a[12] leaves of plates :$bill., ports. ;$c15 x 23 cm.
=336  \\$atext$2rdacontent
=337  \\$acomputer$2rdamedia
=338  \\$aonline$2rdacarrier
=650  \0$aRegimental histories.
=650  \0$aWorld War, 1914-1918$xTrench warfare.
=655  \4$aBook
=859  \\$aXLD$bWW1
=852  4\$cDRT$jDigital Store 9083.df.33.$aBritish Library$bHMNTS
=985  \\$aCorrected by MS generated file for WR# 12.037
=985  \\$aEnhanced by MS generated file for WR# 12/139
=985  \\$aEnhanced by MS generated file for WR# 13/021
=985  \\$aEnhanced by MS generated file for WR# 13/054
=CAT  \\$aBATCH-DCW$b00$c20131128$lBLL01$h1156
=CAT  \\$aWR14.046$c20140417$lBLL01$h1725
=CAT  \\$aWR13.144/5$c20140418$lBLL01$h1049
=FIN  \\$aY$d20131128
=LKR  \\$aPAR$lBLL01$r776$b000589043$m77th Overseas Battalion, Canadian Expeditionary Force, Ottawa. [An illustrated souvenir of the training of the battalion.]$n77th Overseas Battalion, Canadian Expeditionary Force, Ottawa. [An illustrated souvenir of the training of the battalion.]
=DGM  \\$a000589043$bCatBridge variable field
=DRT  \\$aWW1
=SRC  \\$aWW1$bEuropeana_Collections_1914-1918_20131125_1
=OHC  \\$a1
=LAS  \\$aWR13.144/5$b00$c20140418$lBLL01$h1049

