=LDR  02116 am a22005053  4500
=001  016553453
=003  Uk
=005  20200626182919.0
=007  cr\mn\024mpada
=008  880330|1914||||enk\\\\|s\\\\\|||\||eng\\
=FMT  \\$a  BK
=019  x\$a0684760029
=040  \\$aUk$cUk
=100  1\$aCook, Edward Tyas,$cSir,$d1857-1919.
=245  10$aWhy Britain is at War. The causes and the issues set out, in brief form, from the diplomatic correspondence and speeches of ministers.
=264  \1$aLondon :$bMacmillan & Co,$c1914.
=300  \\$a24 pages ;$c(8º)
=336  \\$atext$2rdacontent
=337  \\$acomputer$2rdamedia
=338  \\$aonline$2rdacarrier
=650  \0$aWorld War, 1914-1918$xCauses.
=655  \4$aPamphlet
=859  \\$aXLD$bWW1
=852  4\$cDRT$jDigital Store 08027.b.9.(4.)$aBritish Library$bHMNTS
=985  \\$aCorrected by BSS-generated file for WR# 11/211
=985  \\$aEnhanced by MS generated file for WR# 12/139
=985  \\$aEnhanced by MS generated file for WR# 13/021
=985  \\$aEnhanced by MS generated file for WR# 13/054
=985  \\$aCorrected by MS generated file for WR# 1805-0738
=CAT  \\$aBATCH-DCW$b00$c20131128$lBLL01$h1156
=CAT  \\$aWR14.046$c20140417$lBLL01$h1725
=CAT  \\$aWR13.144/5$c20140418$lBLL01$h1049
=CAT  \\$aBATCH-RIGH$c20170607$lBLL01$h1816
=CAT  \\$aR1706-1834$c20170629$lBLL01$h1227
=CAT  \\$a5194$b40$c20171016$lBLL01$h0827
=CAT  \\$a1805-0738$c20181228$lBLL01$h1834
=CAT  \\$a1805-0738$b00$c20181228$lBLL01$h1918
=CAT  \\$aW2001-2376$c20200626$lBLL01$h1829
=FIN  \\$aY$d20131128
=LKR  \\$aPAR$lBLL01$r776$b000772280$mWhy Britain is at War. The causes and the issues set out, in brief form, from the diplomatic correspondence and speeches of ministers.$nWhy Britain is at War. The causes and the issues set out, in brief form, from the diplomatic correspondence and speeches of ministers.
=DGM  \\$a000772280$bCatBridge variable field
=DRT  \\$aWW1
=SRC  \\$aWW1$bEuropeana_Collections_1914-1918_20131125_1
=OHC  \\$a1
=LAS  \\$aW2001-2376$b00$c20200626$lBLL01$h1829

