=LDR  01855 am a22005053  4500
=001  016553454
=003  Uk
=005  20201127183351.0
=007  cr\mn\024mpada
=008  880629|1912||||enk\\\\|s\\\\\|||\||eng\\
=FMT  \\$a  BK
=019  x\$a0991700155
=040  \\$aUk$cUk
=110  2\$aChurch of England.$bPeace League.
=245  10$aFirst(-Ninth) Annual Report, etc.
=264  \1$a[London],$c[1912-20]
=300  \\$c(8º)
=336  \\$atext$2rdacontent
=337  \\$acomputer$2rdamedia
=338  \\$aonline$2rdacarrier
=859  \\$aXLD$bWW1
=883  0\$aLanguage codes assigned by Bayesian analysis of words present in record$d20201028$qUk$c0.9010
=852  4\$cDRT$jDigital Store 08425.h.37.(4.)$aBritish Library$bHMNTS
=985  \\$aUpgraded by BSS-generated file for WR1910-0531
=985  \\$aUpgraded by BSS-generated file for WR2011-1472
=CAT  \\$aBATCH-DCW$b00$c20131128$lBLL01$h1156
=CAT  \\$aWR14.046$c20140417$lBLL01$h1725
=CAT  \\$aWR13.144/5$c20140418$lBLL01$h1049
=CAT  \\$aWR11_211$c20140826$lBLL01$h1744
=CAT  \\$aBLSS-CORR$b00$c20140826$lBLL01$h1804
=CAT  \\$aBATCH-UPD$b00$c20150520$lBLL01$h1028
=CAT  \\$aBATCH-RIGH$c20170607$lBLL01$h1816
=CAT  \\$aR1706-1834$c20170629$lBLL01$h1227
=CAT  \\$a1805-0738$c20181228$lBLL01$h1834
=CAT  \\$a1805-0738$b00$c20181228$lBLL01$h1918
=CAT  \\$aW1910-0531$b00$c20191108$lBLL01$h1813
=CAT  \\$aW2001-2376$c20200626$lBLL01$h1829
=CAT  \\$aW2011-1472$b00$c20201127$lBLL01$h1833
=FIN  \\$aY$d20131128
=LKR  \\$aPAR$lBLL01$r776$b001124133$mFirst(-Ninth) Annual Report, etc.$nFirst(-Ninth) Annual Report, etc.
=DGM  \\$a001124133$bCatBridge variable field
=DRT  \\$aWW1
=SRC  \\$aWW1$bEuropeana_Collections_1914-1918_20131125_1
=OHC  \\$a1
=LAS  \\$aW2011-1472$b00$c20201127$lBLL01$h1833

