=LDR  01959 am a22004693  4500
=001  016553456
=003  Uk
=005  20200626182919.0
=007  cr\mn\024mpada
=008  890626|1919||||enk\\\\|s\\\\\|||\||eng\\
=FMT  \\$a  BK
=019  x\$a2263140018
=040  \\$aUk$cUk
=100  1\$aMOREL, Edmund Dene,$cpseud. [i.e. George Edmond Pierre Achille Morel de Ville.]
=245  14$aThe Fruits of Victory. Have our statesmen won the peace our soldiers fought for? ... Reprinted from ... the U.D.C.
=264  \1$aLondon,$c1919.
=300  \\$a19 pages ;$c(8º)
=336  \\$atext$2rdacontent
=337  \\$acomputer$2rdamedia
=338  \\$aonline$2rdacarrier
=490  0\$a[Union of Democratic Control. Pamphlet no. 39a.]
=650  \0$aWorld War, 1914-1918$xMoral and ethical aspects.
=655  \4$aPamphlet
=859  \\$aXLD$bWW1
=852  4\$cDRT$jDigital Store 08008.bb.51/39a.$aBritish Library$bHMNTS
=985  \\$aCorrected by BSS-generated file for WR# 11/031
=985  \\$aCorrected by MS generated file for WR# 12.037
=985  \\$aEnhanced by MS generated file for WR# 12/139
=985  \\$aCorrected by MS generated file for WR# 1805-0738
=CAT  \\$aBATCH-DCW$b00$c20131128$lBLL01$h1156
=CAT  \\$aWR14.046$c20140417$lBLL01$h1725
=CAT  \\$aWR13.144/5$c20140418$lBLL01$h1049
=CAT  \\$a1805-0738$c20181228$lBLL01$h1834
=CAT  \\$a1805-0738$b00$c20181228$lBLL01$h1918
=CAT  \\$aW2001-2376$c20200626$lBLL01$h1829
=FIN  \\$aY$d20131128
=LKR  \\$aPAR$lBLL01$r776$b002545879$mThe Fruits of Victory. Have our statesmen won the peace our soldiers fought for? ... Reprinted from ... the U.D.C.$nThe Fruits of Victory. Have our statesmen won the peace our soldiers fought for? ... Reprinted from ... the U.D.C.
=DGM  \\$a002545879$bCatBridge variable field
=DRT  \\$aWW1
=SRC  \\$aWW1$bEuropeana_Collections_1914-1918_20131125_1
=OHC  \\$a1
=LAS  \\$aW2001-2376$b00$c20200626$lBLL01$h1829

