=LDR  02062ccm a22004937  4500
=001  016553457
=003  Uk
=005  20230123085138.0
=007  cr\mn\024mpada
=008  930308s1914\\\\enk|||\|s||||||||\\\und\|
=FMT  \\$a  MU
=019  d\$aac07500001
=040  \\$aUk$cUk
=082  14$a780$215
=100  1\$aAinger, A. C.$q(Arthur Campbell),$d1841-1919.
=245  10$aMarching Songs for Soldiers. Adapted to well-known Tunes by A. C. Ainger. Arranged with new Pianoforte accompaniments by C. Courtenay, etc.
=264  \1$aLondon :$bAscherberg, Hopwood & Crew,$c[1914]
=300  \\$c(folio)
=336  \\$anotated music$2rdacontent
=337  \\$acomputer$2rdamedia
=338  \\$aonline$2rdacarrier
=340  \\$mfolio$2rdabf
=700  1\$aCourtenay, Clifford.
=859  \\$aXLD$bWW1
=852  4\$cDRT$jDigital Store H.1792.ll.(12.)$aBritish Library$bMUSIC
=985  \\$aCorrected by MS generated file for WR# 12.037
=985  \\$aCorrected by MS generated file for WR# 1805-0738
=CAT  \\$aBATCH-DCW$b00$c20131128$lBLL01$h1156
=CAT  \\$aWR14.046$c20140417$lBLL01$h1725
=CAT  \\$aWR13.144/5$c20140418$lBLL01$h1049
=CAT  \\$aBATCH-DCW$b00$c20141018$lBLL01$h1802
=CAT  \\$aBATCH-DCW$b00$c20141018$lBLL01$h1843
=CAT  \\$aWR15_100$c20150811$lBLL01$h0328
=CAT  \\$a1805-0738$c20181228$lBLL01$h1834
=CAT  \\$a1805-0738$b00$c20181228$lBLL01$h1918
=CAT  \\$aMFISHER$b40$c20230123$lBLL01$h0851
=FIN  \\$aY$d20131128
=LKR  \\$aPAR$lBLL01$r776$b004167154$mMarching Songs for Soldiers. Adapted to well-known Tunes by A. C. Ainger. Arranged with new Pianoforte accompaniments by C. Courtenay, etc.$nMarching Songs for Soldiers. Adapted to well-known Tunes by A. C. Ainger. Arranged with new Pianoforte accompaniments by C. Courtenay, etc.
=DGM  \\$a004167154$bCatBridge variable field
=DRT  \\$aWW1
=SRC  \\$aWW1$bEuropeana_Collections_1914-1918_20131125_1
=SRC  \\$aWW1$bEuropeana_Collections_1914-1918_20140601_muscorr
=OHC  \\$a1
=LAS  \\$aMFISHER$b40$c20230123$lBLL01$h0851

