=LDR  01721 cm a22004697  4500
=001  016553458
=003  Uk
=005  20131128115616.0
=007  cr\mn\024mpada
=008  930310s1920\\\\enk||a\|s||||||||\\\und\|
=FMT  \\$a  MU
=019  d\$aam14690013
=040  \\$aUk$cUk
=082  14$a780$215
=100  1\$aButterworth, George,$d1885-1916.
=245  10$aTwo English Idylls founded on Folk-Tunes, for orchestra. [Score.]
=264  \1$aLondon :$bStainer & Bell,$c1920.
=300  \\$c(4º)
=336  \\$anotated music$2rdacontent
=337  \\$acomputer$2rdamedia
=338  \\$aonline$2rdacarrier
=340  \\$m4to$2rdabf
=859  \\$aXLD$bWW1
=852  4\$cDRT$jDigital Store g.727.c.(2.)$aBritish Library$bMUSIC
=985  \\$aCorrected by MS generated file for WR# 12.037
=985  \\$aCorrected by MS generated file for WR# 1805-0738
=CAT  \\$aBATCH-DCW$b00$c20131128$lBLL01$h1156
=CAT  \\$aWR14.046$c20140417$lBLL01$h1725
=CAT  \\$aWR13.144/5$c20140418$lBLL01$h1049
=CAT  \\$aBATCH-DCW$b00$c20141018$lBLL01$h1802
=CAT  \\$aBATCH-DCW$b00$c20141018$lBLL01$h1843
=CAT  \\$aWR15_100$c20150811$lBLL01$h0328
=CAT  \\$a1805-0738$c20181228$lBLL01$h1834
=CAT  \\$a1805-0738$b00$c20181228$lBLL01$h1918
=FIN  \\$aY$d20131128
=LKR  \\$aPAR$lBLL01$r776$b004249501$mTwo English Idylls founded on Folk-Tunes, for orchestra. [Score.]$nTwo English Idylls founded on Folk-Tunes, for orchestra. [Score.]
=DGM  \\$a004249501$bCatBridge variable field
=DRT  \\$aWW1
=SRC  \\$aWW1$bEuropeana_Collections_1914-1918_20131125_1
=SRC  \\$aWW1$bEuropeana_Collections_1914-1918_20140601_muscorr
=OHC  \\$a1
=LAS  \\$a1805-0738$b00$c20181228$lBLL01$h1918

