=LDR  02283 cm a22005537  4500
=001  016553462
=003  Uk
=005  20200909105310.0
=007  cr\mn\024mpada
=008  930317m19051907enk||z||s||||||||\\\und\|
=FMT  \\$a  MU
=019  d\$acm06000592
=040  \\$aUk$cUk
=082  14$a780$215
=100  1\$aElgar, Edward,$d1857-1934.
=240  10$aPomp and circumstance.$nNo. 3-4
=245  10$aPomp and Circumstance. Military Marches for Full Orchestra ... - Op. 39. - ... No. 3 in C minor. (No. 4 in G major.) [Parts.]
=264  \1$aLondon ;$aNew York :$bBoosey & Co,$c1905, 1907.
=300  \\$a2 nos ;$c(folio)
=336  \\$anotated music$2rdacontent
=337  \\$acomputer$2rdamedia
=338  \\$aonline$2rdacarrier
=340  \\$mfolio$2rdabf
=859  \\$aXLD$bWW1
=852  4\$cDRT$jDigital Store h.3930.(19.)$aBritish Library$bMUSIC
=985  \\$aCorrected by MS generated file for WR# 12.037
=985  \\$aCorrected by MS generated file for WR# 1805-0738
=CAT  \\$aBATCH-DCW$b00$c20131128$lBLL01$h1156
=CAT  \\$aBATCH-DCW$b00$c20131128$lBLL01$h1253
=CAT  \\$aWR13_205$c20131223$lBLL01$h1625
=CAT  \\$aWR14.046$c20140417$lBLL01$h1725
=CAT  \\$aWR13.144/5$c20140418$lBLL01$h1049
=CAT  \\$aBATCH-DCW$b00$c20141018$lBLL01$h1802
=CAT  \\$aBATCH-DCW$b00$c20141018$lBLL01$h1843
=CAT  \\$aBATCH-UPD$b00$c20150520$lBLL01$h1028
=CAT  \\$a11814$b40$c20150526$lBLL01$h1513
=CAT  \\$aWR15_100$c20150811$lBLL01$h0328
=CAT  \\$a1805-0738$c20181228$lBLL01$h1834
=CAT  \\$a1805-0738$b00$c20181228$lBLL01$h1918
=CAT  \\$a11814$b40$c20200909$lBLL01$h1053
=FIN  \\$aY$d20131128
=LKR  \\$aPAR$lBLL01$r776$b004322865$mPomp and Circumstance. Military Marches for Full Orchestra ... - Op. 39. - ... No. 3 in C minor. (No. 4 in G major.) [Parts.]$nPomp and Circumstance. Military Marches for Full Orchestra ... - Op. 39. - ... No. 3 in C minor. (No. 4 in G major.) [Parts.]
=DGM  \\$a004322865$bCatBridge variable field
=DRT  \\$aWW1
=SRC  \\$aWW1$bEuropeana_Collections_1914-1918_20131125_1
=SRC  \\$aWW1$bEuropeana_Collections_1914-1918_20131126_1
=SRC  \\$aWW1$bEuropeana_Collections_1914-1918_20140601_muscorr
=OHC  \\$a1
=LAS  \\$a11814$b40$c20200909$lBLL01$h1053

