=LDR  02034 cm a22005297  4500
=001  016553464
=003  Uk
=005  20210506151549.0
=007  cr\mn\024mpada
=008  930317s1910\\\\xx\||z||s||||||||\\\eng\|
=FMT  \\$a  MU
=019  d\$acm06000647
=040  \\$aUk$cUk
=082  14$a780$215
=100  1\$aElgar, Edward,$d1857-1934.
=240  10$aPomp and circumstance.$nNo. 4;$oarranged
=245  10$aSong. "The King's Way." <Arr. by M. Retford.> [Military band parts.]
=264  \1$c1910.
=300  \\$a33 parts ;$c(folio)
=336  \\$anotated music$2rdacontent
=337  \\$acomputer$2rdamedia
=338  \\$aonline$2rdacarrier
=340  \\$mfolio$2rdabf
=490  0\$aBoosey's military Journal ;$vser. 128. no. 3.
=500  \\$aIn: Joyce (Archibald) Valse. "Vision d'amour," etc.
=859  \\$aXLD$bWW1
=883  0\$aLanguage codes assigned by Bayesian analysis of words present in record$d20210115$qUk$c0.9450
=852  4\$cDRT$jDigital Store h.1549.$aBritish Library$bMUSIC
=985  \\$aCorrected by MS generated file for WR# 12.037
=985  \\$aCorrected by MS generated file for WR# 1805-0738
=CAT  \\$aBATCH-DCW$b00$c20131128$lBLL01$h1156
=CAT  \\$aWR13_205$c20131223$lBLL01$h1625
=CAT  \\$aWR14.046$c20140417$lBLL01$h1725
=CAT  \\$aWR13.144/5$c20140418$lBLL01$h1049
=CAT  \\$aBATCH-UPD$b00$c20150520$lBLL01$h1028
=CAT  \\$a11814$b40$c20150526$lBLL01$h1420
=CAT  \\$aWR15_100$c20150811$lBLL01$h0328
=CAT  \\$a1805-0738$c20181228$lBLL01$h1834
=CAT  \\$a1805-0738$b00$c20181228$lBLL01$h1918
=CAT  \\$aW2102-0046$b00$c20210506$lBLL01$h1515
=FIN  \\$aY$d20131128
=LKR  \\$aPAR$lBLL01$r776$b004322919$mSong. "The King's Way." <Arr. by M. Retford.> [Military band parts.]$nSong. "The King's Way." <Arr. by M. Retford.> [Military band parts.]
=DGM  \\$a004322919$bCatBridge variable field
=DRT  \\$aWW1
=SRC  \\$aWW1$bEuropeana_Collections_1914-1918_20131125_1
=OHC  \\$a1
=LAS  \\$aW2102-0046$b00$c20210506$lBLL01$h1515

