=LDR  01768 am a2200457   4500
=001  016553466
=003  Uk
=005  20131128115616.0
=007  cr\mn\024mpada
=008  810331r19151911enkcf\\\s\\\\\000\0\eng\d
=FMT  \\$a  BK
=040  \\$aRETROCON/NYGG (ZYU)$cZYU$dOCLCQ$dUk
=043  \\$ae-yu---
=100  1\$aMijatović, Čedomilj,$d1842-1932.
=245  10$aServia of the Servians,$cby Chedo Mijatovich.
=250  \\$aReprinted 1911, 1915.
=260  \\$aLondon :$bSir I. Pitman & Sons,$c1915 [1911]
=300  \\$aix, 234 p. :$bfront., plates, ports. ;$c19 cm.
=336  \\$atext$2rdacontent
=337  \\$acomputer$2rdamedia
=338  \\$aonline$2rdacarrier
=500  \\$aAppendix: I. The London impressions of a famous Servian [Dositej Obradović] (A.D. 1785)--II. Ban Strahinya, a specimen of the Servian national poems.--III. Specimens of the Servian folk-lore.--IV. Statistical information.
=500  \\$aOriginal edition 1908. Reprinted 1911 New ed. and 1915.
=650  \0$aSerbs.
=650  \0$aWorld War, 1914-1918$xHistoriography
=650  \0$aWorld War, 1914-1918$zSerbia
=651  \0$aSerbia.
=655  \4$aBook
=859  \\$aXLD$bWW1
=852  4\$cDRT$jDigital Store YD.2006.a.3929$aBritish Library$bHMNTS
=985  \\$aCorrected by MS generated file for WR# 12.037
=CAT  \\$aBATCH-DCW$b00$c20131128$lBLL01$h1156
=CAT  \\$aWR14.046$c20140417$lBLL01$h1725
=CAT  \\$aWR13.144/5$c20140418$lBLL01$h1049
=FIN  \\$aY$d20131128
=LKR  \\$aPAR$lBLL01$r776$b013441489$mServia of the Servians,$nServia of the Servians,
=DGM  \\$a013441489$bCatBridge variable field
=DRT  \\$aWW1
=SRC  \\$aWW1$bEuropeana_Collections_1914-1918_20131125_1
=OHC  \\$a1
=LAS  \\$aWR13.144/5$b00$c20140418$lBLL01$h1049

