=LDR  02289 as a22005773  4500
=001  016553468
=003  Uk
=005  20131128115616.0
=007  cr\mn\024mpada
=008  871217d1915191uua\mr\p\s\\\\o00\\a0eng\\
=FMT  \\$a  SE
=019  c\$a2254820
=019  x\$a0142310107
=040  \\$aUk$cUk
=082  04$a355.350994$220
=245  04$aThe Anzac records gazette /$cproduced by the New Zealand and Australian sections of the 3rd Echelon, M.E.F.
=260  \\$aAlexandria, [Egypt] :$bMEF,$c1915-
=300  \\$av. ;$c25 cm.
=310  \\$aMonthly
=336  \\$atext$2rdacontent
=337  \\$acomputer$2rdamedia
=338  \\$aonline$2rdacarrier
=362  0\$aNo. 1 (Nov. 12, 1915)-
=520  \\$aAnecdotes, stories, humor and poetry for the Australian troops stationed in Alexandria.
=540  \\$aBritish Library not licensed to copy$c0$5Uk
=610  10$aGreat Britain.$bArmy.$bMediterranean Expeditionary Force.$bEchelon, 3rd$xPeriodicals.
=610  10$aNew Zealand.$bArmy$xPeriodicals.
=650  \0$aWorld War, 1914-1918$xCampaigns$zAfrica.
=655  \4$aTrench journal
=710  1\$aGreat Britain.$bArmy.$bMediterranean Expeditionary Force.$bEchelon, 3rd.
=859  \\$aXLD$bWW1
=852  4\$cDRT$jDigital Store P.P.4039.wb.(6.)$aBritish Library$bHMNTS$3No. 1 (12 Nov. 1915)-no. 3 (5 Jan. 1916)
=852  4\$aBritish Library$bHMNTS$cDRT$jDigital Store PP.4039.WB(6)
=945  \\$aANZAC RECORDS GAZETTE.
=979  \\$aBritish Library$bDSC$j1566.891000N
=985  \\$aCorrected by MS generated file for WR# 12.037
=985  \\$aRecord merged by DQ team
=CAT  \\$aBATCH-DCW$b00$c20131128$lBLL01$h1156
=CAT  \\$aBATCH-DCW$b00$c20131210$lBLL01$h1903
=CAT  \\$aBATCH-DCW$b00$c20140120$lBLL01$h1804
=CAT  \\$aWR14.046$c20140417$lBLL01$h1725
=CAT  \\$aWR13.144/5$c20140418$lBLL01$h1049
=FIN  \\$aY$d20131128
=LKR  \\$aPAR$lBLL01$r776$b000146852$mThe Anzac records gazette /$nThe Anzac records gazette /
=DGM  \\$a000146852$bCatBridge variable field
=DRT  \\$aWW1
=SRC  \\$aWW1$bEuropeana_Collections_1914-1918_20131125_1
=SRC  \\$aWW1$bEuropeana_Collections_1914-1918_20131204_1
=SRC  \\$aWW1$bEuropeana_Collections_1914-1918_20140120
=OHC  \\$a1
=LAS  \\$aWR13.144/5$b00$c20140418$lBLL01$h1049

