=LDR  01781 cm a22004577  4500
=001  016553493
=003  Uk
=005  20131128124956.0
=007  cr\mn\024mpada
=008  930308s1921\\\\enk|||\|s||||||||\\\und\|
=FMT  \\$a  MU
=019  d\$aae02960001
=040  \\$aUk$cUk
=082  14$a780$215
=100  1\$aBaines, William,$d1899-1922.
=245  10$aSilverpoints. Four pieces for pianoforte. 1. Labyrinth. 2. Waterpearls. 3. The burning joss-stick. 4. Floralia.
=264  \1$aLondon :$bElkin & Co,$c1921.
=300  \\$c(4º)
=336  \\$anotated music$2rdacontent
=337  \\$acomputer$2rdamedia
=338  \\$aonline$2rdacarrier
=340  \\$m4to$2rdabf
=859  \\$aXLD$bWW1
=852  4\$aBritish Library$bMUSIC$cDRT$jDigital Store g.1127.(16.)
=985  \\$aCorrected by MS generated file for WR# 12.037
=985  \\$aCorrected by MS generated file for WR# 1805-0738
=CAT  \\$aBATCH-DCW$b00$c20131128$lBLL01$h1249
=CAT  \\$aWR14.046$c20140417$lBLL01$h1725
=CAT  \\$aWR13.144/5$c20140418$lBLL01$h1049
=CAT  \\$aBATCH-UPD$b00$c20150520$lBLL01$h1024
=CAT  \\$aWR15_100$c20150811$lBLL01$h0328
=CAT  \\$aBATCH-UPD$b00$c20170621$lBLL01$h2026
=CAT  \\$a1805-0738$c20181228$lBLL01$h1834
=CAT  \\$a1805-0738$b00$c20181228$lBLL01$h1918
=FIN  \\$aY$d20131128
=LKR  \\$aPAR$lBLL01$r776$b004189665$mSilverpoints. Four pieces for pianoforte. 1. Labyrinth. 2. Waterpearls. 3. The burning joss-stick. 4. Floralia.$nSilverpoints. Four pieces for pianoforte. 1. Labyrinth. 2. Waterpearls. 3. The burning joss-stick. 4. Floralia.
=DGM  \\$a004189665$bCatBridge variable field
=DRT  \\$aWW1
=SRC  \\$aWW1$bEuropeana_Collections_1914-1918_20131126_1
=OHC  \\$a2
=LAS  \\$a1805-0738$b00$c20181228$lBLL01$h1918

