=LDR  01736 cm a22004937  4500
=001  016553495
=003  Uk
=005  20131128125005.0
=007  cr\mn\024mpada
=008  930308s1919\\\\enk|||\|s||||||||\\\und\|
=FMT  \\$a  MU
=019  d\$aae02950007
=040  \\$aUk$cUk
=082  14$a780$215
=100  1\$aBaines, William,$d1899-1922.
=245  10$aParadise Garden, for the pianoforte.
=264  \1$aLondon :$bElkin & Co,$c1919.
=300  \\$c(folio)
=336  \\$anotated music$2rdacontent
=337  \\$acomputer$2rdamedia
=338  \\$aonline$2rdacarrier
=340  \\$mfolio$2rdabf
=859  \\$aXLD$bWW1
=852  4\$aBritish Library$bMUSIC$cDRT$jDigital Store h.3865.(15.)
=985  \\$aCorrected by MS generated file for WR# 12.037
=985  \\$aCorrected by MS generated file for WR# 1805-0738
=CAT  \\$aBATCH-DCW$b00$c20131128$lBLL01$h1250
=CAT  \\$aWR14.046$c20140417$lBLL01$h1725
=CAT  \\$aWR13.144/5$c20140418$lBLL01$h1049
=CAT  \\$aBATCH-UPD$b00$c20141018$lBLL01$h1700
=CAT  \\$aBATCH-DCW$b00$c20141018$lBLL01$h1802
=CAT  \\$aBATCH-DCW$b00$c20141018$lBLL01$h1843
=CAT  \\$aWR15_100$c20150811$lBLL01$h0328
=CAT  \\$aBATCH-UPD$b00$c20170621$lBLL01$h2026
=CAT  \\$a1805-0738$c20181228$lBLL01$h1834
=CAT  \\$a1805-0738$b00$c20181228$lBLL01$h1918
=FIN  \\$aY$d20131128
=LKR  \\$aPAR$lBLL01$r776$b004189661$mParadise Garden, for the pianoforte.$nParadise Garden, for the pianoforte.
=DGM  \\$a004189661$bCatBridge variable field
=DRT  \\$aWW1
=SRC  \\$aWW1$bEuropeana_Collections_1914-1918_20131126_1
=SRC  \\$aWW1$bEuropeana_Collections_1914-1918_20140601_muscorr
=OHC  \\$a1
=LAS  \\$a1805-0738$b00$c20181228$lBLL01$h1918

