=LDR  01911 cm a22004697  4500
=001  016553503
=003  Uk
=005  20211020105215.0
=007  cr\mn\024mpada
=008  930317s1915\\\\fr\|||\|s||||||||\\\fre\|
=FMT  \\$a  MU
=019  d\$ach03660051
=040  \\$aUk$cUk
=082  14$a780$215
=100  1\$aDebussy, Claude,$d1862-1918.
=245  10$aBerceuse héroïque pour rendre hommage à S.M. le Roi Albert Ier de Belgique et à ses soldats : piano à 2 mains /$cClaude Debussy.
=264  \1$aParis :$bA. Durand & Fils,$c1915.
=300  \\$a2 unnumbered pages, 4 pages ;$c(folio)
=336  \\$anotated music$2rdacontent
=337  \\$acomputer$2rdamedia
=338  \\$aonline$2rdacarrier
=340  \\$m8vo$2rdabf
=859  \\$aXLD$bWW1
=852  4\$aBritish Library$bMUSIC$cDRT$jDigital Store h.1235.b.(3.)
=985  \\$aCorrected by MS generated file for WR# 12.037
=985  \\$aCorrected by MS generated file for WR# 1805-0738
=CAT  \\$aBATCH-DCW$b00$c20131128$lBLL01$h1250
=CAT  \\$aWR14.046$c20140417$lBLL01$h1725
=CAT  \\$aWR13.144/5$c20140418$lBLL01$h1049
=CAT  \\$aBATCH-UPD$b00$c20150520$lBLL01$h1028
=CAT  \\$aWR15_100$c20150811$lBLL01$h0328
=CAT  \\$a1805-0738$c20181228$lBLL01$h1834
=CAT  \\$a1805-0738$b00$c20181228$lBLL01$h1918
=CAT  \\$aW2102-0046$b00$c20210506$lBLL01$h1515
=CAT  \\$a9477$b40$c20211020$lBLL01$h1052
=FIN  \\$aY$d20131128
=LKR  \\$aPAR$b004299411$lBLL01$r776$mBerceuse héroïque pour rendre hommage à S.M. le Roi Albert Ier de Belgique et à ses soldats : piano à 2 mains /$nBerceuse héroïque pour rendre hommage à S.M. le Roi Albert Ier de Belgique et à ses soldats : piano à 2 mains /
=DGM  \\$a004299411$bCatBridge variable field
=DRT  \\$aWW1
=SRC  \\$aWW1$bEuropeana_Collections_1914-1918_20131126_1
=OHC  \\$a1
=LAS  \\$a9477$b40$c20211020$lBLL01$h1052

