=LDR  02181 cm a22005537  4500
=001  016553515
=003  Uk
=005  20200908175118.0
=007  cr\mn\024mpada
=008  930317s1907\\\\enk|||\|s||||||||\\\und\|
=FMT  \\$a  MU
=019  d\$acm06000636
=040  \\$aUk$cUk
=082  14$a780$215
=100  1\$aElgar, Edward,$d1857-1934.
=240  10$aPomp and circumstance.$nNo. 4;$oarranged
=245  10$aPomp and Circumstance ... Op. 39. No. 4 in G ... Arranged as an Organ Solo by G. R. Sinclair.
=264  \1$aLondon ;$aNew York :$bBoosey & Co,$c1907.
=300  \\$c(folio)
=336  \\$anotated music$2rdacontent
=337  \\$acomputer$2rdamedia
=338  \\$aonline$2rdacarrier
=340  \\$mfolio$2rdabf
=700  1\$aSinclair, G. R.$q(George Robertson),$d1863-1917.
=859  \\$aXLD$bWW1
=852  4\$cDRT$jDigital Store h.3930.g.(11.)$aBritish Library$bMUSIC
=985  \\$aCorrected by MS generated file for WR# 12.037
=985  \\$aCorrected by MS generated file for WR# 1805-0738
=CAT  \\$aBATCH-DCW$b00$c20131128$lBLL01$h1250
=CAT  \\$aWR14.046$c20140417$lBLL01$h1725
=CAT  \\$aWR13.144/5$c20140418$lBLL01$h1049
=CAT  \\$aBATCH-DCW$b00$c20141018$lBLL01$h1802
=CAT  \\$aBATCH-DCW$b00$c20141018$lBLL01$h1843
=CAT  \\$aBATCH-UPD$b00$c20150520$lBLL01$h1028
=CAT  \\$a11814$b40$c20150526$lBLL01$h1513
=CAT  \\$aWR15_100$c20150811$lBLL01$h0328
=CAT  \\$a1805-0738$c20181228$lBLL01$h1834
=CAT  \\$a1805-0738$b00$c20181228$lBLL01$h1918
=CAT  \\$a11814$b40$c20200908$lBLL01$h1631
=CAT  \\$a11814$b40$c20200908$lBLL01$h1751
=CAT  \\$a11814$b40$c20200908$lBLL01$h1758
=FIN  \\$aY$d20131128
=LKR  \\$aPAR$lBLL01$r776$b004322909$mPomp and Circumstance ... Op. 39. No. 4 in G ... Arranged as an Organ Solo by G. R. Sinclair.$nPomp and Circumstance ... Op. 39. No. 4 in G ... Arranged as an Organ Solo by G. R. Sinclair.
=DGM  \\$a004322909$bCatBridge variable field
=DRT  \\$aWW1
=SRC  \\$aWW1$bEuropeana_Collections_1914-1918_20131126_1
=SRC  \\$aWW1$bEuropeana_Collections_1914-1918_20140601_muscorr
=OHC  \\$a1
=LAS  \\$a11814$b40$c20200908$lBLL01$h1758

