=LDR  02042ccm a22005297  4500
=001  016553518
=003  Uk
=005  20220412125417.0
=007  cr\mn\024mpada
=008  930317s1921\\\\enk||z||s||||||||\\\und\|
=FMT  \\$a  MU
=019  d\$acm06000847
=040  \\$aUk$cUk
=082  14$a780$215
=100  1\$aElgar, Edward,$d1857-1934.
=240  10$aSpirit of England.$pFor the fallen;$oarranged
=245  10$aWith proud Thanksgiving. Brass (Military) Band accompaniment by F. Winterbottom. [Parts.]
=264  \1$aLondon :$bNovello & Co,$c[1921]
=300  \\$c(oblong 8º)
=336  \\$anotated music$2rdacontent
=337  \\$acomputer$2rdamedia
=338  \\$aonline$2rdacarrier
=340  \\$m8vo$2rdabf
=700  1\$aWinterbottom, Frank.
=859  \\$aXLD$bWW1
=852  4\$cDRT$jDigital Store h.3930.(52.)$aBritish Library$bMUSIC
=985  \\$aCorrected by MS generated file for WR# 12.037
=985  \\$aCorrected by MS generated file for WR# 1805-0738
=CAT  \\$aBATCH-DCW$b00$c20131128$lBLL01$h1250
=CAT  \\$aWR13_205$c20131223$lBLL01$h1625
=CAT  \\$aWR14.046$c20140417$lBLL01$h1725
=CAT  \\$aWR13.144/5$c20140418$lBLL01$h1049
=CAT  \\$aBATCH-DCW$b00$c20141018$lBLL01$h1802
=CAT  \\$aBATCH-DCW$b00$c20141018$lBLL01$h1843
=CAT  \\$aBATCH-UPD$b00$c20150520$lBLL01$h1024
=CAT  \\$aWR15_100$c20150811$lBLL01$h0328
=CAT  \\$a1805-0738$c20181228$lBLL01$h1834
=CAT  \\$a1805-0738$b00$c20181228$lBLL01$h1918
=CAT  \\$aMFISHER$b40$c20220412$lBLL01$h1254
=FIN  \\$aY$d20131128
=LKR  \\$aPAR$lBLL01$r776$b004323086$mWith proud Thanksgiving. Brass (Military) Band accompaniment by F. Winterbottom. [Parts.]$nWith proud Thanksgiving. Brass (Military) Band accompaniment by F. Winterbottom. [Parts.]
=DGM  \\$a004323086$bCatBridge variable field
=DRT  \\$aWW1
=SRC  \\$aWW1$bEuropeana_Collections_1914-1918_20131126_1
=SRC  \\$aWW1$bEuropeana_Collections_1914-1918_20140601_muscorr
=OHC  \\$a1
=LAS  \\$aMFISHER$b40$c20220412$lBLL01$h1254

