=LDR  01913 cm a22005177  4500
=001  016553519
=003  Uk
=005  20210506151549.0
=007  cr\mn\024mpada
=008  930317s1923\\\\enk|||\|s||||||||\\\eng\|
=FMT  \\$a  MU
=019  d\$ada11980012
=040  \\$aUk$cUk
=082  14$a780$215
=100  1\$aFarrar, Ernest,$d1885-1918.
=245  12$aA Dirge. [Two-part Song.] Words by C. Rossetti.
=264  \1$aLondon :$bStainer & Bell,$c1923.
=300  \\$c(8º)
=336  \\$anotated music$2rdacontent
=337  \\$acomputer$2rdamedia
=338  \\$aonline$2rdacarrier
=340  \\$m8vo$2rdabf
=500  \\$aPart Songs, No. 131.
=859  \\$aXLD$bWW1
=883  0\$aLanguage codes assigned by Bayesian analysis of words present in record$d20210115$qUk$c0.9450
=852  4\$aBritish Library$bMUSIC$cDRT$jDigital Store F.1137.a./131
=985  \\$aCorrected by BSS-generated file
=985  \\$aCorrected by MS generated file for WR# 12.037
=985  \\$aCorrected by MS generated file for WR# 1805-0738
=CAT  \\$aBATCH-DCW$b00$c20131128$lBLL01$h1250
=CAT  \\$aWR14.046$c20140417$lBLL01$h1725
=CAT  \\$aWR13.144/5$c20140418$lBLL01$h1049
=CAT  \\$aBATCH-DCW$b00$c20141018$lBLL01$h1802
=CAT  \\$aBATCH-DCW$b00$c20141018$lBLL01$h1843
=CAT  \\$aWR15_100$c20150811$lBLL01$h0328
=CAT  \\$a1805-0738$c20181228$lBLL01$h1834
=CAT  \\$a1805-0738$b00$c20181228$lBLL01$h1918
=CAT  \\$aW2102-0046$b00$c20210506$lBLL01$h1515
=FIN  \\$aY$d20131128
=LKR  \\$aPAR$lBLL01$r776$b004332001$mA Dirge. [Two-part Song.] Words by C. Rossetti.$nA Dirge. [Two-part Song.] Words by C. Rossetti.
=DGM  \\$a004332001$bCatBridge variable field
=DRT  \\$aWW1
=SRC  \\$aWW1$bEuropeana_Collections_1914-1918_20131126_1
=SRC  \\$aWW1$bEuropeana_Collections_1914-1918_20140601_muscorr
=OHC  \\$a1
=LAS  \\$aW2102-0046$b00$c20210506$lBLL01$h1515

