=LDR  01916 cm a22004937  4500
=001  016553520
=003  Uk
=005  20210506151549.0
=007  cr\mn\024mpada
=008  930317s1915\\\\enk|||\|s||||||||\\\eng\|
=FMT  \\$a  MU
=019  d\$adc19130121
=040  \\$aUk$cUk
=082  14$a780$215
=100  1\$aFoster, Myles Birket,$d1851-1922.
=245  14$aThe Jolly Recruit. A Recruiting Appeal. [Song.] Words by L. N. Parker,etc.
=264  \1$aLondon :$bCary & Co,$c[1915]
=300  \\$c(folio)
=336  \\$anotated music$2rdacontent
=337  \\$acomputer$2rdamedia
=338  \\$aonline$2rdacarrier
=340  \\$mfolio$2rdabf
=859  \\$aXLD$bWW1
=883  0\$aLanguage codes assigned by Bayesian analysis of words present in record$d20210115$qUk$c0.9450
=852  4\$cDRT$jDigital Store H.1793.f.(53.)$aBritish Library$bMUSIC
=985  \\$aCorrected by MS generated file for WR# 12.037
=985  \\$aCorrected by MS generated file for WR# 1805-0738
=CAT  \\$aBATCH-DCW$b00$c20131128$lBLL01$h1250
=CAT  \\$aWR14.046$c20140417$lBLL01$h1725
=CAT  \\$aWR13.144/5$c20140418$lBLL01$h1049
=CAT  \\$aBATCH-DCW$b00$c20141018$lBLL01$h1802
=CAT  \\$aBATCH-DCW$b00$c20141018$lBLL01$h1843
=CAT  \\$aWR15_100$c20150811$lBLL01$h0328
=CAT  \\$a1805-0738$c20181228$lBLL01$h1834
=CAT  \\$a1805-0738$b00$c20181228$lBLL01$h1918
=CAT  \\$aW2102-0046$b00$c20210506$lBLL01$h1515
=FIN  \\$aY$d20131128
=LKR  \\$aPAR$lBLL01$r776$b004342476$mThe Jolly Recruit. A Recruiting Appeal. [Song.] Words by L. N. Parker,etc.$nThe Jolly Recruit. A Recruiting Appeal. [Song.] Words by L. N. Parker,etc.
=DGM  \\$a004342476$bCatBridge variable field
=DRT  \\$aWW1
=SRC  \\$aWW1$bEuropeana_Collections_1914-1918_20131126_1
=SRC  \\$aWW1$bEuropeana_Collections_1914-1918_20140601_muscorr
=OHC  \\$a1
=LAS  \\$aW2102-0046$b00$c20210506$lBLL01$h1515

