=LDR  02083 cm a22005297  4500
=001  016553521
=003  Uk
=005  20210506151549.0
=007  cr\mn\024mpada
=008  930318s1914\\\\enk|||\|s||||||||\\\eng\|
=FMT  \\$a  MU
=019  d\$adm05880067
=040  \\$aUk$cUk
=082  14$a780$215
=100  1\$aHolst, Gustav,$d1874-1934.
=245  12$aA Dirge for two Veterans. For Male Voices, Brass and Drums ... [Words by] W. Whitman.
=264  \1$aLondon :$bJ. Curwen & Sons,$c1914.
=300  \\$c(8º)
=336  \\$anotated music$2rdacontent
=337  \\$acomputer$2rdamedia
=338  \\$aonline$2rdacarrier
=340  \\$m8vo$2rdabf
=500  \\$aThe Apollo Club, No. 542.
=859  \\$aXLD$bWW1
=883  0\$aLanguage codes assigned by Bayesian analysis of words present in record$d20210115$qUk$c0.9450
=852  4\$aBritish Library$bMUSIC$cDRT$jDigital Store F.667./542
=985  \\$aCorrected by BSS-generated file
=985  \\$aCorrected by MS generated file for WR# 12.037
=985  \\$aCorrected by MS generated file for WR# 1805-0738
=CAT  \\$aBATCH-DCW$b00$c20131128$lBLL01$h1250
=CAT  \\$aWR14.046$c20140417$lBLL01$h1725
=CAT  \\$aWR13.144/5$c20140418$lBLL01$h1049
=CAT  \\$aBATCH-DCW$b00$c20141018$lBLL01$h1802
=CAT  \\$aBATCH-DCW$b00$c20141018$lBLL01$h1843
=CAT  \\$aBATCH-UPD$b00$c20150520$lBLL01$h1028
=CAT  \\$aWR15_100$c20150811$lBLL01$h0328
=CAT  \\$a1805-0738$c20181228$lBLL01$h1834
=CAT  \\$a1805-0738$b00$c20181228$lBLL01$h1918
=CAT  \\$aW2102-0046$b00$c20210506$lBLL01$h1515
=FIN  \\$aY$d20131128
=LKR  \\$aPAR$lBLL01$r776$b004418389$mA Dirge for two Veterans. For Male Voices, Brass and Drums ... [Words by] W. Whitman.$nA Dirge for two Veterans. For Male Voices, Brass and Drums ... [Words by] W. Whitman.
=DGM  \\$a004418389$bCatBridge variable field
=DRT  \\$aWW1
=SRC  \\$aWW1$bEuropeana_Collections_1914-1918_20131126_1
=SRC  \\$aWW1$bEuropeana_Collections_1914-1918_20140601_muscorr
=OHC  \\$a1
=LAS  \\$aW2102-0046$b00$c20210506$lBLL01$h1515

