=LDR  01396 cm a22004217  4500
=001  016553525
=003  Uk
=005  20131128125007.0
=007  cr\mn\024mpada
=008  930401s1912\\\\enk|||\|s||||||||\\\und\|
=FMT  \\$a  MU
=019  d\$agm11680002
=040  \\$aUk$cUk
=082  14$a780$215
=100  1\$aWarren, Francis Purcell,$d1895-1916.
=245  10$aAve verum. [S. A. T. B.]
=260  \\$aLondon :$bRichards & Co,$c(1912.)
=300  \\$c8.̊
=336  \\$anotated music$2rdacontent
=337  \\$acomputer$2rdamedia
=338  \\$aonline$2rdacarrier
=500  \\$aThe Catholic Choir. Motets, No.9.
=859  \\$aXLD$bWW1
=852  4\$cDRT$jDigital Store F.274.o.(23.)$aBritish Library$bMUSIC
=CAT  \\$aBATCH-DCW$b00$c20131128$lBLL01$h1250
=CAT  \\$aWR14.046$c20140417$lBLL01$h1725
=CAT  \\$aWR13.144/5$c20140418$lBLL01$h1049
=CAT  \\$aBATCH-DCW$b00$c20141018$lBLL01$h1802
=CAT  \\$aBATCH-DCW$b00$c20141018$lBLL01$h1843
=CAT  \\$aWR15_100$c20150811$lBLL01$h0328
=FIN  \\$aY$d20131128
=LKR  \\$aPAR$lBLL01$r776$b004730818$mAve verum. [S. A. T. B.]$nAve verum. [S. A. T. B.]
=DGM  \\$a004730818$bCatBridge variable field
=DRT  \\$aWW1
=SRC  \\$aWW1$bEuropeana_Collections_1914-1918_20131126_1
=SRC  \\$aWW1$bEuropeana_Collections_1914-1918_20140601_muscorr
=OHC  \\$a1
=LAS  \\$aWR15_100$b00$c20150811$lBLL01$h0328

