=LDR  01710 cm a22004813  4500
=001  016553527
=003  Uk
=005  20131128125007.0
=007  cr\mn\024mpada
=008  910109s1915\\\\xxu||a\|s||||||||\\\eng\|
=FMT  \\$a  MU
=019  e\$acpm9123237
=040  \\$aUk$cUk
=082  14$a780$215
=100  1\$aMarchant, Arthur W.$q(Arthur William),$d1850-1921.
=245  00$aTommy's army. :$bTwo-part chorus. /$cBy A. W. Marchant. ; [Words by F. E. Weatherly].
=264  \1$aPhiladelphia :$bTheo. Presser Co,$cc1915.
=300  \\$a1 score (6 pages) ;$c(8º)
=336  \\$anotated music$2rdacontent
=337  \\$acomputer$2rdamedia
=338  \\$aonline$2rdacarrier
=340  \\$m8vo$2rdabf
=490  0\$aPart songs for women's voices ;$vno.10492
=500  \\$aWith piano acc.
=859  \\$aXLD$bWW1
=852  4\$cDRT$jDigital Store F.1895.a.(54.)$aBritish Library$bMUSIC
=957  \\$aC150729
=985  \\$aCorrected by MS generated file for WR# 12.037
=985  \\$aCorrected by MS generated file for WR# 1805-0738
=CAT  \\$aBATCH-DCW$b00$c20131128$lBLL01$h1250
=CAT  \\$aWR14.046$c20140417$lBLL01$h1725
=CAT  \\$aWR13.144/5$c20140418$lBLL01$h1049
=CAT  \\$aWR15_100$c20150811$lBLL01$h0328
=CAT  \\$a1805-0738$c20181228$lBLL01$h1834
=CAT  \\$a1805-0738$b00$c20181228$lBLL01$h1918
=CAT  \\$a8870$b40$c20200819$lBLL01$h1641
=FIN  \\$aY$d20131128
=LKR  \\$aPAR$lBLL01$r776$b004782362$mTommy's army. : Two-part chorus. /$nTommy's army. : Two-part chorus. /
=DGM  \\$a004782362$bCatBridge variable field
=DRT  \\$aWW1
=SRC  \\$aWW1$bEuropeana_Collections_1914-1918_20131126_1
=OHC  \\$a1
=LAS  \\$a8870$b40$c20200819$lBLL01$h1641

