=LDR  01496 cm a2200457ua 4500
=001  016553528
=003  Uk
=005  20131128125007.0
=007  cr\mn\024mpada
=008  920703s1918\\\\xxu||a\|s||||||||\\\\\\\\
=FMT  \\$a  MU
=019  3\$amu9252615
=020  \\$cNo price
=028  22$a72584-6-B$bOliver Ditson Co.
=040  \\$aUk$cUk
=082  04$a784.841897$220
=084  \\$aUMMGM$2bcmc
=100  1\$aFulton, James M.
=245  10$aSoldiers of the air :$bmarch.
=260  \\$aBoston :$bOliver Ditson Co.,$cc1918.
=300  \\$a2 conductors ([1] p.) ;$c28 cm. +$e1 set of parts.
=336  \\$anotated music$2rdacontent
=337  \\$acomputer$2rdamedia
=338  \\$aonline$2rdacarrier
=490  0\$aStandard edition for military band ;$vno.315
=500  \\$aPl. no. 72584-6-B.
=653  \\$aMarches for military bands
=859  \\$aXLD$bWW1
=852  4\$cDRT$jDigital Store f.841.vv.(15.)$aBritish Library$bMUSIC
=957  \\$ac180923
=985  \\$aCorrected by MS generated file for WR# 12.037
=CAT  \\$aBATCH-DCW$b00$c20131128$lBLL01$h1250
=CAT  \\$aWR14.046$c20140417$lBLL01$h1725
=CAT  \\$aWR13.144/5$c20140418$lBLL01$h1049
=FIN  \\$aY$d20131128
=LKR  \\$aPAR$lBLL01$r776$b005268678$mSoldiers of the air : march.$nSoldiers of the air : march.
=DGM  \\$a005268678$bCatBridge variable field
=DRT  \\$aWW1
=SRC  \\$aWW1$bEuropeana_Collections_1914-1918_20131126_1
=OHC  \\$a1
=LAS  \\$aWR13.144/5$b00$c20140418$lBLL01$h1049

