=LDR  01606 am a22004093  4500
=001  016563711
=003  Uk
=005  20131210074142.0
=007  cr\mn\024mpada
=008  080605s1915\\\\ru\\\\\\s\\\\\000\0\rusrd
=FMT  \\$a  BK
=019  x\$a012248004X
=040  \\$aYUS$cYUS$dUk
=100  1\$aArzubʹev, P.
=245  10$6880-01$aDi︠e︡la i li︠u︡di voennago vremeni.$b(Noi︠a︡brʹ 1914 - maĭ 1915).
=246  11$aDela i li︠u︡di voennogo vremeni.
=260  \\$a[S.-Peterburg] :$bIzdatelʹstvo "Biblioteka velikoĭ Voĭny",$c1915.
=300  \\$a[1] v. ;$c21 cm.
=336  \\$atext$2rdacontent
=337  \\$acomputer$2rdamedia
=338  \\$aonline$2rdacarrier
=500  \\$aAt head of title: P. Arzubʹev. (Plain Dealer).
=655  \4$aBook
=859  \\$aXLD$bWW1
=880  01$6245-10$aДѣла и люди военнаго времени ;$bНоябрь 1914-май 1915.
=852  4\$cDRT$jDigital Store 9083.ff.28.$aBritish Library$bHMNTS
=985  \\$aCorrected by MS generated file for WR# 12.037
=CAT  \\$aBATCH-DCW$b00$c20131210$lBLL01$h0741
=CAT  \\$aWR14.046$c20140417$lBLL01$h1725
=CAT  \\$aWR13.144/5$c20140418$lBLL01$h1049
=FIN  \\$aY$d20131210
=LKR  \\$aPAR$lBLL01$r776$b000125951$mDi︠e︡la i li︠u︡di voennago vremeni. (Noi︠a︡brʹ 1914 - maĭ 1915).$nDi︠e︡la i li︠u︡di voennago vremeni. (Noi︠a︡brʹ 1914 - maĭ 1915).
=DGM  \\$a000125951$bCatBridge variable field
=DRT  \\$aWW1
=SRC  \\$aWW1$bEuropeana_Collections_1914-1918_20131127_1
=OHC  \\$a1
=LAS  \\$aWR13.144/5$b00$c20140418$lBLL01$h1049

