=LDR  01548 am a22004333  4500
=001  016563712
=003  Uk
=005  20131210074143.0
=007  cr\mn\024mpada
=008  871113|1917||||pl\\\\\|s\\\\\|||\||pol\\
=FMT  \\$a  BK
=019  x\$a021349020X
=040  \\$aUk$cUk
=100  1\$aBAUMFELD, Gustaw Bolesław.
=245  10$aArtylerii Legionów pułk pierwszy.
=260  \\$aKraków :$bnakładem Księgarni K. Wojnara-Wł. M. Skulska,$c1917.
=300  \\$a99 p., plates ;$c24 cm.
=336  \\$atext$2rdacontent
=337  \\$acomputer$2rdamedia
=338  \\$aonline$2rdacarrier
=650  \0$aWorld War, 1914-1918$xRegimental histories$zPoland
=650  \0$aWorld War, 1914-1918$zPoland
=655  \4$aBook
=859  \\$aXLD$bWW1
=852  4\$cDRT$jDigital Store X.800/4797.$aBritish Library$bHMNTS
=985  \\$aCorrected by MS generated file for WR# 12.037
=985  \\$aEnhanced by MS generated file for WR# 12/139
=985  \\$aEnhanced by MS generated file for WR# 13/021
=985  \\$aEnhanced by MS generated file for WR# 13/054
=CAT  \\$aBATCH-DCW$b00$c20131210$lBLL01$h0741
=CAT  \\$aWR14.046$c20140417$lBLL01$h1725
=CAT  \\$aWR13.144/5$c20140418$lBLL01$h1049
=FIN  \\$aY$d20131210
=LKR  \\$aPAR$lBLL01$r776$b000230807$mArtylerii Legionów pułk pierwszy.$nArtylerii Legionów pułk pierwszy.
=DGM  \\$a000230807$bCatBridge variable field
=DRT  \\$aWW1
=SRC  \\$aWW1$bEuropeana_Collections_1914-1918_20131127_1
=OHC  \\$a1
=LAS  \\$aWR13.144/5$b00$c20140418$lBLL01$h1049

