=LDR  02234 am a22005293  4500
=001  016563713
=003  Uk
=005  20200626182919.0
=007  cr\mn\024mpada
=008  871223s1918\\\\au\\\\\\s\\\\\000\0\ukr\\
=FMT  \\$a  BK
=019  x\$a0352840099
=040  \\$aUk$cUk
=100  1\$aBochkovsʹkyĭ, Olʹgerd Ippolit,$d1884-1939.
=245  10$aНаціональна справа :$bСтатї про національне питанне в звязку з сучасною війною..
=246  1\$aNat︠s︡ionalʹna sprava
=264  \1$aВідень :$bЗ друкарні Адольфа Гольцгавзена,$c1918.
=300  \\$a187 pages ;$c(8º)
=336  \\$atext$2rdacontent
=337  \\$acomputer$2rdamedia
=338  \\$aonline$2rdacarrier
=500  \\$aOn t.p.: "Nakladom vydavnyt︠s︡tva "Vistnyk z︠h︡ytti︠a︡"
=500  \\$aThe date on the wrapper is 1920.
=650  \0$aNationalism
=650  \0$aSocialism and nationalism
=650  \0$aUkrainians
=650  \0$aWorld War, 1914-1918
=650  \0$aWorld War, 1914-1918$zUkraine.
=655  \4$aBook
=859  \\$aXLD$bWW1
=852  4\$cDRT$jDigital Store 08026.c.45.$aBritish Library$bHMNTS
=985  \\$aCorrected by MS generated file for WR# 12.037
=985  \\$aCorrected by MS generated file for WR# 1805-0738
=CAT  \\$aBATCH-DCW$b00$c20131210$lBLL01$h0741
=CAT  \\$aWR14.046$c20140417$lBLL01$h1725
=CAT  \\$aWR13.144/5$c20140418$lBLL01$h1049
=CAT  \\$aBATCH-UPD$b00$c20150520$lBLL01$h1024
=CAT  \\$a1805-0738$c20181228$lBLL01$h1834
=CAT  \\$a1805-0738$b00$c20181228$lBLL01$h1918
=CAT  \\$aW2001-2376$c20200626$lBLL01$h1829
=FIN  \\$aY$d20131210
=LKR  \\$aPAR$lBLL01$r776$b000387118$mНаціональна справа : Статї про національне питанне в звязку з сучасною війною..$nНаціональна справа : Статї про національне питанне в звязку з сучасною війною..
=DGM  \\$a000387118$bCatBridge variable field
=DRT  \\$aWW1
=SRC  \\$aWW1$bEuropeana_Collections_1914-1918_20131127_1
=OHC  \\$a1
=LAS  \\$aW2001-2376$b00$c20200626$lBLL01$h1829

