=LDR  02132 am a22005053  4500
=001  016563715
=003  Uk
=005  20200626182920.0
=007  cr\mn\024mpada
=008  880726|1921||||enk\\\\|s\\\\o|||\||eng\\
=FMT  \\$a  BK
=019  x\$a0964420120
=040  \\$aUk$cUk
=110  1\$aGreat Britain.$bArmy.$bDivision, 5th.
=245  14$aThe Fifth Division in the Great War. By Brigadier-General A. H. Hussey ... and Major D. S. Inman, etc. [With plates and maps.]
=264  \1$aLondon :$bNisbet & Co,$c1921.
=300  \\$axvi, 278 pages ;$c(8º)
=336  \\$atext$2rdacontent
=337  \\$acomputer$2rdamedia
=338  \\$aonline$2rdacarrier
=650  \0$aRegimental histories
=655  \4$aBook
=700  1\$aHUSSEY, Arthur Herbert,$cand INMAN (D. S.)
=700  1\$aINMAN, D. S.
=859  \\$aXLD$bWW1
=886  2\$2blmarc$a709$b00$aHUSSEY$hArthur Herbert$fand INMAN (D. S.)$p09084.b.36.$x1562540246
=886  2\$2blmarc$a709$b00$aINMAN$hD. S.$p09084.b.36.$x1584620048
=852  4\$cDRT$jDigital Store 09084.b.36.$aBritish Library$bHMNTS
=985  \\$aCorrected by BSS-generated file for WR# 08/145
=985  \\$aCorrected by BSS-generated file for WR# 11/216
=985  \\$aEnhanced by MS generated file for WR# 12/139
=985  \\$aCorrected by MS generated file for WR# 1805-0738
=CAT  \\$aBATCH-DCW$b00$c20131210$lBLL01$h0741
=CAT  \\$aWR14.046$c20140417$lBLL01$h1725
=CAT  \\$aWR13.144/5$c20140418$lBLL01$h1049
=CAT  \\$a1805-0738$c20181228$lBLL01$h1834
=CAT  \\$a1805-0738$b00$c20181228$lBLL01$h1918
=CAT  \\$aW2001-2376$c20200626$lBLL01$h1829
=FIN  \\$aY$d20131210
=LKR  \\$aPAR$lBLL01$r776$b001094746$mThe Fifth Division in the Great War. By Brigadier-General A. H. Hussey ... and Major D. S. Inman, etc. [With plates and maps.]$nThe Fifth Division in the Great War. By Brigadier-General A. H. Hussey ... and Major D. S. Inman, etc. [With plates and maps.]
=DGM  \\$a001094746$bCatBridge variable field
=DRT  \\$aWW1
=SRC  \\$aWW1$bEuropeana_Collections_1914-1918_20131127_1
=OHC  \\$a1
=LAS  \\$aW2001-2376$b00$c20200626$lBLL01$h1829

