=LDR  02225 am a22005413  4500
=001  016563716
=003  Uk
=005  20200626182920.0
=007  cr\mn\024mpada
=008  880726|1920||||enk\\\\|s\\\\o|||\||eng\\
=FMT  \\$a  BK
=019  x\$a0964420139
=040  \\$aUk$cUk
=110  1\$aGreat Britain.$bArmy.$bDivision, 6th.
=245  12$aA Short History of the 6th Division, Aug. 1914-March 1919. Edited by Major-Gen. T. O. Marden. [With a map.]
=264  \1$aLondon :$bHugh Rees,$c1920.
=300  \\$aviii, 120 pages ;$c(8º)
=336  \\$atext$2rdacontent
=337  \\$acomputer$2rdamedia
=338  \\$aonline$2rdacarrier
=650  \0$aRegimental histories
=655  \4$aBook
=700  1\$aMARDEN, Thomas Owen,$cSir,$cK.B.E.
=859  \\$aXLD$bWW1
=886  2\$2blmarc$a709$b00$aMARDEN$eSir$hThomas Owen$fK.B.E.$p09084.c.5.$x2111220248
=852  4\$cDRT$jDigital Store 09084.c.5.$aBritish Library$bHMNTS
=985  \\$aCorrected by BSS-generated file
=985  \\$aCorrected by BSS-generated file for WR# 08/145
=985  \\$aCorrected by BSS-generated file for WR# 11/048
=985  \\$aEnhanced by MS generated file for WR# 12/139
=985  \\$aEnhanced by MS generated file for WR# 13/021
=985  \\$aEnhanced by MS generated file for WR# 13/054
=985  \\$aCorrected by MS generated file for WR# 1805-0738
=CAT  \\$aBATCH-DCW$b00$c20131210$lBLL01$h0741
=CAT  \\$aWR14.046$c20140417$lBLL01$h1725
=CAT  \\$aWR13.144/5$c20140418$lBLL01$h1049
=CAT  \\$aBATCH-RIGH$c20170607$lBLL01$h1816
=CAT  \\$aR1706-1834$c20170629$lBLL01$h1227
=CAT  \\$a1805-0738$c20181228$lBLL01$h1834
=CAT  \\$a1805-0738$b00$c20181228$lBLL01$h1918
=CAT  \\$aW2001-2376$c20200626$lBLL01$h1829
=FIN  \\$aY$d20131210
=LKR  \\$aPAR$lBLL01$r776$b001094747$mA Short History of the 6th Division, Aug. 1914-March 1919. Edited by Major-Gen. T. O. Marden. [With a map.]$nA Short History of the 6th Division, Aug. 1914-March 1919. Edited by Major-Gen. T. O. Marden. [With a map.]
=DGM  \\$a001094747$bCatBridge variable field
=DRT  \\$aWW1
=SRC  \\$aWW1$bEuropeana_Collections_1914-1918_20131127_1
=OHC  \\$a1
=LAS  \\$aW2001-2376$b00$c20200626$lBLL01$h1829

