=LDR  01748 am a22004693  4500
=001  016563719
=003  Uk
=005  20200626182920.0
=007  cr\mn\024mpada
=008  890626|1917||||enk\\\\|s\\\\\|||\||eng\\
=FMT  \\$a  BK
=019  x\$a2263130314
=040  \\$aUk$cUk
=100  1\$aMOREL, Edmund Dene,$cpseud. [i.e. George Edmond Pierre Achille Morel de Ville.]
=245  14$aThe African Problem and the Peace Settlement.
=264  \1$aLondon,$c1917.
=300  \\$a31 pages ;$c(8º)
=336  \\$atext$2rdacontent
=337  \\$acomputer$2rdamedia
=338  \\$aonline$2rdacarrier
=490  0\$a[Union of Democratic Control. Pamphlet no. 22a.]
=650  \0$aWorld War, 1914-1918$xMoral and ethical aspects.
=655  \4$aBook
=859  \\$aXLD$bWW1
=852  4\$cDRT$jDigital Store 08008.bb.51/22a.$aBritish Library$bHMNTS
=985  \\$aCorrected by BSS-generated file for WR# 11/031
=985  \\$aCorrected by MS generated file for WR# 12.037
=985  \\$aEnhanced by MS generated file for WR# 12/139
=985  \\$aCorrected by MS generated file for WR# 1805-0738
=CAT  \\$aBATCH-DCW$b00$c20131210$lBLL01$h0741
=CAT  \\$aWR14.046$c20140417$lBLL01$h1725
=CAT  \\$aWR13.144/5$c20140418$lBLL01$h1049
=CAT  \\$a1805-0738$c20181228$lBLL01$h1834
=CAT  \\$a1805-0738$b00$c20181228$lBLL01$h1918
=CAT  \\$aW2001-2376$c20200626$lBLL01$h1829
=FIN  \\$aY$d20131210
=LKR  \\$aPAR$lBLL01$r776$b002545872$mThe African Problem and the Peace Settlement.$nThe African Problem and the Peace Settlement.
=DGM  \\$a002545872$bCatBridge variable field
=DRT  \\$aWW1
=SRC  \\$aWW1$bEuropeana_Collections_1914-1918_20131127_1
=OHC  \\$a1
=LAS  \\$aW2001-2376$b00$c20200626$lBLL01$h1829

