=LDR  01901 am a22005173  4500
=001  016563722
=003  Uk
=005  20200626182920.0
=007  cr\mn\024mpada
=008  900207s1914\\\\it\b\\\\s\\\\\000\0\ita\\
=FMT  \\$a  BK
=019  x\$a2834360014
=040  \\$aUk$cUk
=041  1\$aita$hukr
=100  1\$aRudnyt︠s︡ʹkyĭ, Stepan,$d1877-1937.
=245  12$aL'Ucraina e gli Ucraini /$cdel Stefano Rudnitzkyi; [Translated by G. Brasioli.]
=264  \1$aRoma :$bStampato dalla Lega nazionale Ucraina e dalla Lega per la liberazione dell'Ucraina,$c1914.
=300  \\$a32 pages :$bmap ;$c(8º)
=336  \\$atext$2rdacontent
=337  \\$acomputer$2rdamedia
=338  \\$aonline$2rdacarrier
=500  \\$aOn t.p. : "Con una carta etnografica dell'Ucraina".
=650  \0$aUkrainian question
=650  \0$aUkrainians
=651  \0$aUkraine$xHistory.
=655  \4$aBook
=700  1\$aBRASIOLI, Gualtiero.
=859  \\$aXLD$bWW1
=886  2\$2blmarc$a709$b00$aBRASIOLI$hGualtiero$p8095.ff.30.(1.)$x0411780352
=852  4\$cDRT$jDigital Store 8095.ff.30.(1.)$aBritish Library$bHMNTS
=985  \\$aCorrected by MS generated file for WR# 12.037
=985  \\$aCorrected by MS generated file for WR# 1805-0738
=CAT  \\$aBATCH-DCW$b00$c20131210$lBLL01$h0741
=CAT  \\$aWR14.046$c20140417$lBLL01$h1725
=CAT  \\$aWR13.144/5$c20140418$lBLL01$h1049
=CAT  \\$aBATCH-UPD$b00$c20150607$lBLL01$h2040
=CAT  \\$a1805-0738$c20181228$lBLL01$h1834
=CAT  \\$a1805-0738$b00$c20181228$lBLL01$h1918
=CAT  \\$aW2001-2376$c20200626$lBLL01$h1829
=FIN  \\$aY$d20131210
=LKR  \\$aPAR$lBLL01$r776$b003183967$mL'Ucraina e gli Ucraini /$nL'Ucraina e gli Ucraini /
=DGM  \\$a003183967$bCatBridge variable field
=DRT  \\$aWW1
=SRC  \\$aWW1$bEuropeana_Collections_1914-1918_20131127_1
=OHC  \\$a1
=LAS  \\$aW2001-2376$b00$c20200626$lBLL01$h1829

