=LDR  01650 am a22004213  4500
=001  016563723
=003  Uk
=005  20131210074144.0
=007  cr\mn\024mpada
=008  940607s1918\\\\ru\\\\\\s\\\\\000\0\rusod
=FMT  \\$a  BK
=019  x\$a2861380144
=040  \\$aHIN$cHIN$dUk
=100  1\$aRi︠a︡zanov, D. B.
=245  10$6880-01$aMezhdunarodnyĭ proletarīat i voĭna;$bsbornik stateĭ 1914-1918 g.
=260  \\$a[Petrograd] :$bPetrogradskīĭ sovi︠e︡t rabochikh i krasnoarmeĭskikh deputatov,$c1918.
=300  \\$a115 p. ;$c22 cm.
=336  \\$atext$2rdacontent
=337  \\$acomputer$2rdamedia
=338  \\$aonline$2rdacarrier
=500  \\$aAuthor's pseud., D. Ri︠a︡zanov, at head of title.
=500  \\$aCover dated 1919.
=650  \0$aSocialism.
=655  \4$aBook
=859  \\$aXLD$bWW1
=880  01$6245-10$aМеждународный пролетариат и война :$bСборник статей 1914-1916 г.
=852  4\$cDRT$jDigital Store 08027.i.92.$aBritish Library$bHMNTS
=985  \\$aCorrected by MS generated file for WR# 12.037
=CAT  \\$aBATCH-DCW$b00$c20131210$lBLL01$h0741
=CAT  \\$aWR14.046$c20140417$lBLL01$h1725
=CAT  \\$aWR13.144/5$c20140418$lBLL01$h1049
=FIN  \\$aY$d20131210
=LKR  \\$aPAR$lBLL01$r776$b003208879$mMezhdunarodnyĭ proletarīat i voĭna; sbornik stateĭ 1914-1918 g.$nMezhdunarodnyĭ proletarīat i voĭna; sbornik stateĭ 1914-1918 g.
=DGM  \\$a003208879$bCatBridge variable field
=DRT  \\$aWW1
=SRC  \\$aWW1$bEuropeana_Collections_1914-1918_20131127_1
=OHC  \\$a1
=LAS  \\$aWR13.144/5$b00$c20140418$lBLL01$h1049

