=LDR  01839 am a22004693  4500
=001  016563724
=003  Uk
=005  20200626182920.0
=007  cr\mn\024mpada
=008  900522|1920||||ru\\\\\|s\\\\\|||\||rus\\
=FMT  \\$a  BK
=019  x\$a3071630123
=040  \\$aUk$cUk
=100  1\$aSOKOL'NIKOV, Grigory Yakovlevich.
=245  10$aБрестский мир. [Comments on the policy of the treaties of Brest and Versailles.]
=264  \1$aМосква,$c1920.
=300  \\$a31 pages ;$c(8º)
=336  \\$atext$2rdacontent
=337  \\$acomputer$2rdamedia
=338  \\$aonline$2rdacarrier
=650  \0$aWorld War, 1914-1918$vPersonal narratives
=655  \4$aPamphlet
=859  \\$aXLD$bWW1
=852  4\$cDRT$jDigital Store 08027.i.89.(6.)$aBritish Library$bHMNTS
=985  \\$aCorrected by MS generated file for WR# 12.037
=985  \\$aEnhanced by MS generated file for WR# 12/139
=985  \\$aEnhanced by MS generated file for WR# 13/021
=985  \\$aEnhanced by MS generated file for WR# 13/054
=985  \\$aCorrected by MS generated file for WR# 1805-0738
=CAT  \\$aBATCH-DCW$b00$c20131210$lBLL01$h0741
=CAT  \\$aWR14.046$c20140417$lBLL01$h1725
=CAT  \\$aWR13.144/5$c20140418$lBLL01$h1049
=CAT  \\$a1805-0738$c20181228$lBLL01$h1834
=CAT  \\$a1805-0738$b00$c20181228$lBLL01$h1918
=CAT  \\$aW2001-2376$c20200626$lBLL01$h1829
=FIN  \\$aY$d20131210
=LKR  \\$aPAR$lBLL01$r776$b003434146$mБрестский мир. [Comments on the policy of the treaties of Brest and Versailles.]$nБрестский мир. [Comments on the policy of the treaties of Brest and Versailles.]
=DGM  \\$a003434146$bCatBridge variable field
=DRT  \\$aWW1
=SRC  \\$aWW1$bEuropeana_Collections_1914-1918_20131127_1
=OHC  \\$a1
=LAS  \\$aW2001-2376$b00$c20200626$lBLL01$h1829

