=LDR  01679cam a22004813  4500
=001  016563726
=003  Uk
=005  20200626182920.0
=007  cr\mn\024mpada
=008  900829|1914||||enk\\\\|s\\\\\|||\||eng\\
=FMT  \\$a  BK
=019  x\$a3441000099
=040  \\$aUk$cUk
=100  1\$aWallace, Donald Mackenzie,$d1841-1919.
=245  10$aOur Russian Ally.
=264  \1$aLondon :$bMacmillan & Co,$c1914.
=300  \\$a23 pages ;$c(8º)
=336  \\$atext$2rdacontent
=337  \\$acomputer$2rdamedia
=338  \\$aonline$2rdacarrier
=650  \0$aWorld War, 1914-1918$xCampaigns$zEastern Front.
=655  \4$aPamphlet
=859  \\$aXLD$bWW1
=852  4\$cDRT$jDigital Store 08027.b.8.(9.)$aBritish Library$bHMNTS
=985  \\$aCorrected by BSS-generated file for WR# 11/211
=985  \\$aEnhanced by MS generated file for WR# 12/139
=985  \\$aEnhanced by MS generated file for WR# 13/021
=985  \\$aEnhanced by MS generated file for WR# 13/054
=985  \\$aCorrected by MS generated file for WR# 1805-0738
=CAT  \\$aBATCH-DCW$b00$c20131210$lBLL01$h0741
=CAT  \\$aWR14.046$c20140417$lBLL01$h1725
=CAT  \\$aWR13.144/5$c20140418$lBLL01$h1049
=CAT  \\$a1805-0738$c20181228$lBLL01$h1834
=CAT  \\$a1805-0738$b00$c20181228$lBLL01$h1918
=CAT  \\$aW2001-2376$c20200626$lBLL01$h1829
=CAT  \\$a4039$b40$c20230502$lBLL01$h1802
=FIN  \\$aY$d20131210
=LKR  \\$aPAR$lBLL01$r776$b003838572$mOur Russian Ally.$nOur Russian Ally.
=DGM  \\$a003838572$bCatBridge variable field
=DRT  \\$aWW1
=SRC  \\$aWW1$bEuropeana_Collections_1914-1918_20131127_1
=OHC  \\$a1
=LAS  \\$a4039$b40$c20230502$lBLL01$h1802

