=LDR  02167 cm a22004697  4500
=001  016563737
=003  Uk
=005  20131210074144.0
=007  cr\mn\024mpada
=008  930318s1921\\\\enk||a\|s||||||||\\\und\|
=FMT  \\$a  MU
=019  d\$adm05880232
=040  \\$aUk$cUk
=082  14$a780$215
=100  1\$aHolst, Gustav,$d1874-1934.
=240  10$aPlanets
=245  14$aThe Planets ... Mars, the bringer of war. Venus, the bringer of peace. Mercury, the winged messenger. Jupiter, the bringer of jollity. Saturn, the bringer of old age. Uranus, the magician. Neptune, the mystic. Full Orchestral Score.
=264  \1$aLondon :$bGoodwin & Tabb,$c1921.
=300  \\$c(folio)
=336  \\$anotated music$2rdacontent
=337  \\$acomputer$2rdamedia
=338  \\$aonline$2rdacarrier
=340  \\$mfolio$2rdabf
=859  \\$aXLD$bWW1
=852  4\$cDRT$jDigital Store h.3939.a.$aBritish Library$bMUSIC
=985  \\$aCorrected by MS generated file for WR# 12.037
=985  \\$aCorrected by MS generated file for WR# 1805-0738
=CAT  \\$aBATCH-DCW$b00$c20131210$lBLL01$h0741
=CAT  \\$aWR14.046$c20140417$lBLL01$h1725
=CAT  \\$aWR13.144/5$c20140418$lBLL01$h1049
=CAT  \\$aBATCH-UPD$b00$c20150520$lBLL01$h1024
=CAT  \\$a11814$b40$c20150609$lBLL01$h1538
=CAT  \\$aWR15_100$c20150811$lBLL01$h0328
=CAT  \\$a1805-0738$c20181228$lBLL01$h1834
=CAT  \\$a1805-0738$b00$c20181228$lBLL01$h1918
=FIN  \\$aY$d20131210
=LKR  \\$aPAR$lBLL01$r776$b004418512$mThe Planets ... Mars, the bringer of war. Venus, the bringer of peace. Mercury, the winged messenger. Jupiter, the bringer of jollity. Saturn, the bringer of old age. Uranus, the magician. Neptune, the mystic. Full Orchestral Score.$nThe Planets ... Mars, the bringer of war. Venus, the bringer of peace. Mercury, the winged messenger. Jupiter, the bringer of jollity. Saturn, the bringer of old age. Uranus, the magician. Neptune, the mystic. Full Orchestral Score.
=DGM  \\$a004418512$bCatBridge variable field
=DRT  \\$aWW1
=SRC  \\$aWW1$bEuropeana_Collections_1914-1918_20131127_1
=OHC  \\$a1
=LAS  \\$a1805-0738$b00$c20181228$lBLL01$h1918

