=LDR  01993ccm a2200565ua 4500
=001  016563738
=003  Uk
=005  20230919104545.0
=007  cr\mn\024mpada
=008  930422s1914\\\\xxu||z||s||||||||\b\\\\\\
=FMT  \\$a  MU
=019  3\$amu9261308
=020  \\$cNo price
=028  22$aC 6631$bChappell & Co.
=040  \\$aUk$cUk
=082  04$a784.4
=084  \\$aMSK/DW$2bcmc
=100  1\$aJudge, Jack,$d1878-1938.
=240  10$aIt's a long, long way to Tipperary;$oarranged
=245  10$aIt's a long, long way to Tipperary /$cJack Judge and Harry Williams ; orch. by S. Deshon.
=260  \\$a[New York] :$bChappell & Co.,$cc1914.
=300  \\$a1 set of parts ;$c28 cm.
=336  \\$anotated music$2rdacontent
=337  \\$acomputer$2rdamedia
=338  \\$aonline$2rdacarrier
=500  \\$aPl. no. C 6631.
=653  \\$aSongs$aArrangements for light orchestras
=700  1\$aDeshon, S.
=700  1\$aWilliams, Harry,$d1873-1924.
=859  \\$aXLD$bWW1
=852  4\$cDRT$jDigital Store f.840.mm.(8.)$aBritish Library$bMUSIC
=957  \\$ac141112
=985  \\$aCorrected by MS generated file for WR# 12.037
=985  \\$aRecord amended for WR# 13/070
=CAT  \\$aBATCH-DCW$b00$c20131210$lBLL01$h0741
=CAT  \\$aWR13_205$c20131223$lBLL01$h1625
=CAT  \\$aWR14.046$c20140417$lBLL01$h1725
=CAT  \\$aWR13.144/5$c20140418$lBLL01$h1049
=CAT  \\$aBATCH-DCW$b00$c20141018$lBLL01$h1802
=CAT  \\$aBATCH-DCW$b00$c20141018$lBLL01$h1843
=CAT  \\$aMFISHER$b40$c20230120$lBLL01$h1224
=CAT  \\$aMFISHER$b40$c20230919$lBLL01$h1045
=FIN  \\$aY$d20131210
=LKR  \\$aPAR$lBLL01$r776$b005270733$mIt's a long, long way to Tipperary /$nIt's a long, long way to Tipperary /
=DGM  \\$a005270733$bCatBridge variable field
=DRT  \\$aWW1
=SRC  \\$aWW1$bEuropeana_Collections_1914-1918_20131127_1
=SRC  \\$aWW1$bEuropeana_Collections_1914-1918_20140601_muscorr
=OHC  \\$a1
=LAS  \\$aMFISHER$b40$c20230919$lBLL01$h1045

