=LDR  01457 am a2200385uu 4500
=001  016563739
=003  Uk
=005  20131210074144.0
=007  cr\mn\024mpada
=008  040420s1915\\\\ie\\\\\|s\\\\\000\||eng\\
=FMT  \\$a  BK
=019  u\$aG10884595
=040  \\$aUk$cUk
=100  1\$aO'Mahony, Pierce Charles de Lacy.
=245  10$aBulgaria and the Powers :$bBeing a Series of Letters on the Balkans written from Sofia /$cPierce Charles de Lacy O'Mahony.
=260  \\$aDublin :$bSealy,$c1915.
=336  \\$atext$2rdacontent
=337  \\$acomputer$2rdamedia
=338  \\$aonline$2rdacarrier
=650  \0$aWorld War, 1914-1918
=650  \0$aWorld War, 1914-1918$xMoral and ethical aspects
=655  \4$aBook
=859  \\$aXLD$bWW1
=852  4\$cDRT$jDigital Store W25/3922$aBritish Library$bDSC
=985  \\$aCorrected by MS generated file for WR# 12.037
=CAT  \\$aBATCH-DCW$b00$c20131210$lBLL01$h0741
=CAT  \\$aWR14.046$c20140417$lBLL01$h1725
=CAT  \\$aWR13.144/5$c20140418$lBLL01$h1049
=FIN  \\$aY$d20131210
=LKR  \\$aPAR$lBLL01$r776$b008263824$mBulgaria and the Powers : Being a Series of Letters on the Balkans written from Sofia /$nBulgaria and the Powers : Being a Series of Letters on the Balkans written from Sofia /
=DGM  \\$a008263824$bCatBridge variable field
=DRT  \\$aWW1
=SRC  \\$aWW1$bEuropeana_Collections_1914-1918_20131127_1
=OHC  \\$a1
=LAS  \\$aWR13.144/5$b00$c20140418$lBLL01$h1049

