=LDR  01266 am a22003853  4500
=001  016563740
=003  Uk
=005  20131210074144.0
=007  cr\mn\024mpada
=008  070717s1918\\\\|||||||\s\\\\\|||\||eng\\
=FMT  \\$a  BK
=019  o\$aB05030126
=040  \\$aUk$beng$cUk
=110  1\$aGreat Britain.$bAir Ministry.
=245  10$aTypes of German aeroplanes.
=260  \\$a[S.l.] :$bIssued by the Air Council,$c1918.
=336  \\$atext$2rdacontent
=337  \\$acomputer$2rdamedia
=338  \\$aonline$2rdacarrier
=490  0\$aAir Intelligence ;$vA.1.4
=650  \0$aWorld War, 1914-1918$xTechnology
=655  \4$aOfficial document
=859  \\$aXLD$bWW1
=852  4\$cDRT$jDigital Store W38/7622$aBritish Library$bDSC
=985  \\$aCorrected by MS generated file for WR# 12.037
=CAT  \\$aBATCH-DCW$b00$c20131210$lBLL01$h0741
=CAT  \\$aWR14.046$c20140417$lBLL01$h1725
=CAT  \\$aWR13.144/5$c20140418$lBLL01$h1049
=FIN  \\$aY$d20131210
=LKR  \\$aPAR$lBLL01$r776$b015213128$mTypes of German aeroplanes.$nTypes of German aeroplanes.
=DGM  \\$a015213128$bCatBridge variable field
=DRT  \\$aWW1
=SRC  \\$aWW1$bEuropeana_Collections_1914-1918_20131127_1
=OHC  \\$a1
=LAS  \\$aWR13.144/5$b00$c20140418$lBLL01$h1049

