=LDR  02188 am a22005173  4500
=001  016563744
=003  Uk
=005  20200626182920.0
=007  cr\mn\024mpada
=008  880420|1919||||pl\\\\\|s\\\\\|||\||pol\\
=FMT  \\$a  BK
=019  x\$a0752720287
=040  \\$aUk$cUk
=100  1\$aDĄBROWSKI, Marjan.
=245  10$aZ cyklu: Zołnierz 1 Brygady. Kampanja na Wołyniu, 2/ix 1915r.-8/x 1916r. (Szkice i mapy przerysował S. Bienkowski.).
=264  \1$aWarszawa :$bKsięgarnia Wojskowa,$c1919.
=300  \\$a192, vii pages ;$c(8º)
=336  \\$atext$2rdacontent
=337  \\$acomputer$2rdamedia
=338  \\$aonline$2rdacarrier
=650  \\$aWorld War, 1914-1918$xCampaigns$zGalicia (Poland and Ukraine).
=650  \\$aWorld War, 1914-1918$xRegimental histories$zPoland.
=655  \4$aBook
=700  1\$aBIEŃKOWSKI, St.
=859  \\$aXLD$bWW1
=886  2\$2blmarc$a709$b00$aBIEŃKOWSKI$hSt.$p9081.bb.16.$x0321750276
=852  4\$cDRT$jDigital Store 9081.bb.16.$aBritish Library$bHMNTS
=985  \\$aCorrected by BSS-generated file for WR# 11/211
=985  \\$aCorrected by MS generated file for WR# 12.037
=985  \\$aEnhanced by MS generated file for WR# 12/139
=985  \\$aEnhanced by MS generated file for WR# 13/021
=985  \\$aEnhanced by MS generated file for WR# 13/054
=985  \\$aCorrected by MS generated file for WR# 1805-0738
=CAT  \\$aBATCH-DCW$b00$c20131210$lBLL01$h0809
=CAT  \\$aWR14.046$c20140417$lBLL01$h1725
=CAT  \\$aWR13.144/5$c20140418$lBLL01$h1049
=CAT  \\$a1805-0738$c20181228$lBLL01$h1834
=CAT  \\$a1805-0738$b00$c20181228$lBLL01$h1918
=CAT  \\$aW2001-2376$c20200626$lBLL01$h1829
=FIN  \\$aY$d20131210
=LKR  \\$aPAR$lBLL01$r776$b000849777$mZ cyklu: Zołnierz 1 Brygady. Kampanja na Wołyniu, 2/ix 1915r.-8/x 1916r. (Szkice i mapy przerysował S. Bienkowski.).$nZ cyklu: Zołnierz 1 Brygady. Kampanja na Wołyniu, 2/ix 1915r.-8/x 1916r. (Szkice i mapy przerysował S. Bienkowski.).
=DGM  \\$a000849777$bCatBridge variable field
=DRT  \\$aWW1
=SRC  \\$aWW1$bEuropeana_Collections_1914-1918_20131128_1
=OHC  \\$a1
=LAS  \\$aW2001-2376$b00$c20200626$lBLL01$h1829

