=LDR  01816 am a22004933  4500
=001  016563745
=003  Uk
=005  20200626182920.0
=007  cr\mn\024mpada
=008  881025|1917||||xxu\\\\|s\\\\||||\||eng\\
=FMT  \\$a  BK
=019  x\$a149080000X
=040  \\$aUk$cUk
=245  10$aBulgaria and her Neighbors ... By Historicus.
=264  \1$aNew York :$bMail & Express Job Print,$c1917.
=300  \\$a110 pages ;$c(8º)
=336  \\$atext$2rdacontent
=337  \\$acomputer$2rdamedia
=338  \\$aonline$2rdacarrier
=650  \0$aWorld War, 1914-1918
=650  \0$aWorld War, 1914-1918$xMoral and ethical aspects
=655  \4$aBook
=720  \\$aHISTORICUS, pseud.$emain entry
=859  \\$aXLD$bWW1
=852  4\$cDRT$jDigital Store 9134.c.7.$aBritish Library$bHMNTS
=985  \\$aCorrected by BSS-generated file for WR# 11/211
=985  \\$aCorrected by MS generated file for WR# 12.037
=985  \\$aEnhanced by MS generated file for WR# 12/139
=985  \\$aEnhanced by MS generated file for WR# 13/021
=985  \\$aEnhanced by MS generated file for WR# 13/054
=985  \\$aCorrected by MS generated file for WR# 1805-0738
=CAT  \\$aBATCH-DCW$b00$c20131210$lBLL01$h0809
=CAT  \\$aWR14.046$c20140417$lBLL01$h1725
=CAT  \\$aWR13.144/5$c20140418$lBLL01$h1049
=CAT  \\$a1805-0738$c20181228$lBLL01$h1834
=CAT  \\$a1805-0738$b00$c20181228$lBLL01$h1918
=CAT  \\$aW2001-2376$c20200626$lBLL01$h1829
=FIN  \\$aY$d20131210
=LKR  \\$aPAR$lBLL01$r776$b001693625$mBulgaria and her Neighbors ... By Historicus.$nBulgaria and her Neighbors ... By Historicus.
=DGM  \\$a001693625$bCatBridge variable field
=DRT  \\$aWW1
=SRC  \\$aWW1$bEuropeana_Collections_1914-1918_20131128_1
=OHC  \\$a1
=LAS  \\$aW2001-2376$b00$c20200626$lBLL01$h1829

