=LDR  01712 am a22004213  4500
=001  016563746
=003  Uk
=005  20131210080944.0
=007  cr\mn\024mpada
=008  060301s1916\\\\ru\aj\\\s\\\\\001\1\rusod
=FMT  \\$a  BK
=019  x\$a1772980242
=040  \\$aNYP$cNYP$dOCLCA$dUk
=100  1\$aKolesnikov, N. V.$q(Nikolaĭ Vladimirovich),$d1880-1937.
=245  10$6880-01$aVelikai︠a︡ voĭna 1914-1915 goda :$bpopuli︠a︡rnye ocherki mīrovoĭ voĭny /$cN.V. Kolesnikov.
=250  \\$aIzd. 2-oe, dop.
=260  \\$aKazanʹ :$bTip. D.M. Gran,$c1916.
=300  \\$a101, xii p. :$bill. ;$c25 cm.
=336  \\$atext$2rdacontent
=337  \\$acomputer$2rdamedia
=338  \\$aonline$2rdacarrier
=500  \\$aIncludes index.
=650  \0$aWorld War, 1914-1918.
=655  \4$aBook
=859  \\$aXLD$bWW1
=880  01$6245-10$aВеликая война 1914-1915 года /$bПопулярные очерки міровой войны /$cН. В. Колесников.
=852  4\$cDRT$jDigital Store 9085.c.5.$aBritish Library$bHMNTS
=985  \\$aCorrected by MS generated file for WR# 12.037
=CAT  \\$aBATCH-DCW$b00$c20131210$lBLL01$h0809
=CAT  \\$aWR14.046$c20140417$lBLL01$h1725
=CAT  \\$aWR13.144/5$c20140418$lBLL01$h1049
=FIN  \\$aY$d20131210
=LKR  \\$aPAR$lBLL01$r776$b002001467$mVelikai︠a︡ voĭna 1914-1915 goda : populi︠a︡rnye ocherki mīrovoĭ voĭny /$nVelikai︠a︡ voĭna 1914-1915 goda : populi︠a︡rnye ocherki mīrovoĭ voĭny /
=DGM  \\$a002001467$bCatBridge variable field
=DRT  \\$aWW1
=SRC  \\$aWW1$bEuropeana_Collections_1914-1918_20131128_1
=OHC  \\$a1
=LAS  \\$aWR13.144/5$b00$c20140418$lBLL01$h1049

