=LDR  02645 am a22005533  4500
=001  016563747
=003  Uk
=005  20200626182920.0
=007  cr\mn\024mpada
=008  891002s1914\\\\enk\\\\\s\\\\\000\0\eng\\
=FMT  \\$a  BK
=019  x\$a2470640113
=040  \\$aUk$cUk
=110  2\$aCercle des Ukrainiens (PARIS)
=245  10$aMemorandum on the Ukrainian Question in its National Aspect :$bCompiled on behalf of the "Cercle des Ukrainiens," Paris; and the "Ukraine Committee," London /$cby Yaroslav Fedortchouk.
=264  \1$aLondon :$bFrancis Griffiths,$c1914.
=300  \\$a44 pages ;$c(8º)
=336  \\$atext$2rdacontent
=337  \\$acomputer$2rdamedia
=338  \\$aonline$2rdacarrier
=505  1\$aI. Translator's foreword --- II. Desiderata of the Ukrainians - (I.) - In Russia, (II.) - In Austria, (III.) - In Hungary ---III. Memorandum on the Ukrainian Question ---Appendix. Marlborough and a Crown / by George Raffalovich.
=650  \0$aUkrainian question
=650  \0$aUkrainians$xEthnic identity.
=650  \0$aUkrainians$zAustria.
=650  \0$aUkrainians$zHungary.
=650  \0$aUkrainians$zRussia.
=655  \4$aBook
=700  1\$aFEDORCHUK, Yaroslav.
=700  1\$aRaffalovich, George$tMarlborough and a Crown.
=710  2\$aUkraine Committee (LONDON)
=859  \\$aXLD$bWW1
=886  2\$2blmarc$a709$b00$aFEDORCHUK$hYaroslav$p8093.f.15.$x1063760038
=886  2\$2blmarc$a709$b00$aLONDON$dIII. Miscellaneous Institutions, Societies, and other Bodies$dUkraine Committee$p8093.f.15.$x1992010110
=852  4\$cDRT$jDigital Store 8093.f.15.$aBritish Library$bHMNTS
=985  \\$aCorrected by MS generated file for WR# 12.037
=985  \\$aCorrected by MS generated file for WR# 1805-0738
=CAT  \\$aBATCH-DCW$b00$c20131210$lBLL01$h0809
=CAT  \\$aWR14.046$c20140417$lBLL01$h1725
=CAT  \\$aWR13.144/5$c20140418$lBLL01$h1049
=CAT  \\$a1805-0738$c20181228$lBLL01$h1834
=CAT  \\$a1805-0738$b00$c20181228$lBLL01$h1918
=CAT  \\$aW2001-2376$c20200626$lBLL01$h1829
=FIN  \\$aY$d20131210
=LKR  \\$aPAR$lBLL01$r776$b002768866$mMemorandum on the Ukrainian Question in its National Aspect : Compiled on behalf of the "Cercle des Ukrainiens," Paris; and the "Ukraine Committee," London /$nMemorandum on the Ukrainian Question in its National Aspect : Compiled on behalf of the "Cercle des Ukrainiens," Paris; and the "Ukraine Committee," London /
=DGM  \\$a002768866$bCatBridge variable field
=DRT  \\$aWW1
=SRC  \\$aWW1$bEuropeana_Collections_1914-1918_20131128_1
=OHC  \\$a1
=LAS  \\$aW2001-2376$b00$c20200626$lBLL01$h1829

