=LDR  02079 am a22004813  4500
=001  016563748
=003  Uk
=005  20200626182920.0
=007  cr\mn\024mpada
=008  900522|1916||||pl\\\\\|s\\\\\|||\||pol\\
=FMT  \\$a  BK
=019  x\$a312324010X
=040  \\$aUk$cUk
=100  1\$aSTEINHAUS, Władysław.
=245  10$aPamiętnik legionisty, bł. p. Władysława Steinhausa, podchorążego 6 pp. Legionów polskich, etc. [With plates, including portraits.]
=264  \1$aKraków :$bNakładem Centralnego Biura Wydawnictw N.K.N.,$c1916.
=300  \\$a76 pages ;$c(8º)
=336  \\$atext$2rdacontent
=337  \\$acomputer$2rdamedia
=338  \\$aonline$2rdacarrier
=650  \0$aWorld War, 1914-1918$vPersonal narratives
=650  \0$aWorld War, 1914-1918$xRegimental histories$zPoland
=655  \4$aBook
=859  \\$aXLD$bWW1
=852  4\$cDRT$jDigital Store X.631/204.$aBritish Library$bHMNTS
=985  \\$aCorrected by MS generated file for WR# 12.037
=985  \\$aEnhanced by MS generated file for WR# 12/139
=985  \\$aEnhanced by MS generated file for WR# 13/021
=985  \\$aEnhanced by MS generated file for WR# 13/054
=985  \\$aCorrected by MS generated file for WR# 1805-0738
=CAT  \\$aBATCH-DCW$b00$c20131210$lBLL01$h0809
=CAT  \\$aWR14.046$c20140417$lBLL01$h1725
=CAT  \\$aWR13.144/5$c20140418$lBLL01$h1049
=CAT  \\$a1805-0738$c20181228$lBLL01$h1834
=CAT  \\$a1805-0738$b00$c20181228$lBLL01$h1918
=CAT  \\$aW2001-2376$c20200626$lBLL01$h1829
=FIN  \\$aY$d20131210
=LKR  \\$aPAR$lBLL01$r776$b003491344$mPamiętnik legionisty, bł. p. Władysława Steinhausa, podchorążego 6 pp. Legionów polskich, etc. [With plates, including portraits.]$nPamiętnik legionisty, bł. p. Władysława Steinhausa, podchorążego 6 pp. Legionów polskich, etc. [With plates, including portraits.]
=DGM  \\$a003491344$bCatBridge variable field
=DRT  \\$aWW1
=SRC  \\$aWW1$bEuropeana_Collections_1914-1918_20131128_1
=OHC  \\$a1
=LAS  \\$aW2001-2376$b00$c20200626$lBLL01$h1829

