=LDR  01630 am a22004573  4500
=001  016563749
=003  Uk
=005  20200626182920.0
=007  cr\mn\024mpada
=008  900717|1914||||ru\\\\\|s\\\\\|||\||rus\\
=FMT  \\$a  BK
=019  x\$a3300880262
=040  \\$aUk$cUk
=100  1\$aTRUBETSKOI, Evgeny Nikolaevich,$cPrince.
=245  10$aСмыслъ войны. Выпускъ I.
=264  \1$aМосква,$c1914.
=300  \\$a46 pages ;$c(8º)
=336  \\$atext$2rdacontent
=337  \\$acomputer$2rdamedia
=338  \\$aonline$2rdacarrier
=655  \4$aBook
=859  \\$aXLD$bWW1
=852  4\$cDRT$jDigital Store X.708/2911.$aBritish Library$bHMNTS
=985  \\$aCorrected by MS generated file for WR# 12.037
=985  \\$aEnhanced by MS generated file for WR# 12/139
=985  \\$aEnhanced by MS generated file for WR# 13/021
=985  \\$aEnhanced by MS generated file for WR# 13/054
=985  \\$aCorrected by MS generated file for WR# 1805-0738
=CAT  \\$aBATCH-DCW$b00$c20131210$lBLL01$h0809
=CAT  \\$aWR14.046$c20140417$lBLL01$h1725
=CAT  \\$aWR13.144/5$c20140418$lBLL01$h1049
=CAT  \\$a1805-0738$c20181228$lBLL01$h1834
=CAT  \\$a1805-0738$b00$c20181228$lBLL01$h1918
=CAT  \\$aW2001-2376$c20200626$lBLL01$h1829
=FIN  \\$aY$d20131210
=LKR  \\$aPAR$lBLL01$r776$b003681534$mСмыслъ войны. Выпускъ I.$nСмыслъ войны. Выпускъ I.
=DGM  \\$a003681534$bCatBridge variable field
=DRT  \\$aWW1
=SRC  \\$aWW1$bEuropeana_Collections_1914-1918_20131128_1
=OHC  \\$a1
=LAS  \\$aW2001-2376$b00$c20200626$lBLL01$h1829

