=LDR  02107 am a22005173  4500
=001  016563750
=003  Uk
=005  20131210080944.0
=007  cr\mn\024mpada
=008  961023s1915\\\\ru\\\\\\s\\\\\000\0\rus\d
=FMT  \\$a  BK
=019  x\$a364420022X
=040  \\$aHLS$cHLS$dOCLCG$dSTF$dUk
=100  1\$aKhlebnikov, Velimir,$d1885-1922.
=245  10$6880-01$aBitvy 1915-1917 g.g. :$bnovoe uchenie o voĭni︠e︡ /$cV. Khli︠e︡bnikov.
=246  11$aBitvy 1915-1917 g.g. :$bnovoe uchenie o voĭne
=260  \\$aPetrograd :$bTip. T-va "Svi︠e︡t",$c1915.
=300  \\$a24 p. ;$c23 cm.
=336  \\$atext$2rdacontent
=337  \\$acomputer$2rdamedia
=338  \\$aonline$2rdacarrier
=500  \\$a"Predislovīe A. Kruchenykh."--P. [1].
=500  \\$aCover title.
=500  \\$aPlace and printer from colophon; dated at end: 1914.
=510  4\$aRozanov, I. Biblioteka russ. poėzii,$c4203
=650  \0$aSymbolism of numbers in literature.
=650  \0$aWar
=655  \4$aBook
=700  1\$aKruchenykh, A.$q(Alekseĭ),$d1886-1969?
=752  \\$aRussia$dSaint Petersburg.
=776  08$iOnline version:$aKhlebnikov, Velimir, 1885-1922.$tBitvy 1915-1917 g.g.$w(OCoLC)654508029$dPetrograd : Tip. T-va "Svi︠e︡t", 1915
=859  \\$aXLD$bWW1
=880  01$6245-10$aБитвы 1915-1917 г.г. :$bНовое ученіе о войнѣ /$cВ. Хлѣбниковъ.
=852  4\$cDRT$jDigital Store Cup.408.g.22.$aBritish Library$bHMNTS
=985  \\$aCorrected by MS generated file for WR# 12.037
=CAT  \\$aBATCH-DCW$b00$c20131210$lBLL01$h0809
=CAT  \\$aWR14.046$c20140417$lBLL01$h1725
=CAT  \\$aWR13.144/5$c20140418$lBLL01$h1049
=CAT  \\$aBATCH-UPD$b00$c20150520$lBLL01$h1027
=FIN  \\$aY$d20131210
=LKR  \\$aPAR$lBLL01$r776$b004064016$mBitvy 1915-1917 g.g. : novoe uchenie o voĭni︠e︡ /$nBitvy 1915-1917 g.g. : novoe uchenie o voĭni︠e︡ /
=DGM  \\$a004064016$bCatBridge variable field
=DRT  \\$aWW1
=SRC  \\$aWW1$bEuropeana_Collections_1914-1918_20131128_1
=OHC  \\$a1
=LAS  \\$aBATCH-UPD$b00$c20150520$lBLL01$h1027

