=LDR  01434 am a2200421 i 4500
=001  016563751
=003  Uk
=005  20140116110746.0
=007  cr\mn\024mpada
=008  991007s1915\\\\ru\\\\\\s\\\\\000\j\rusod
=FMT  \\$a  BK
=040  \\$aEQO$cEQO$dUk
=245  00$aSoldatskii︠a︡ skazki /$csost. N.G. Kozyrev.
=246  3\$6880-01$aSoldatskie skazki
=264  \1$aPetrograd :$bIzdanie "Selʹskago vi︠e︡stnika",$c1915.
=300  \\$a96 p. :$bill. ;$c15 cm.
=336  \\$atext$2rdacontent
=337  \\$acomputer$2rdamedia
=338  \\$aonline$2rdacarrier
=650  \0$aSoldiers in literature
=650  \0$aSoldiers in tales
=655  \4$aBook
=700  1\$aKozyrev, N. G.$ecompiler.
=880  0\$6246-01$aСолдатские сказки
=859  \\$aXLD$bWW1
=852  4\$cDRT$jDigital Store RB.23.a.29528$aBritish Library$bHMNTS
=985  \\$aCorrected by MS generated file for WR# 12.037
=CAT  \\$aBATCH-DCW$b00$c20131210$lBLL01$h0809
=CAT  \\$a11853$b40$c20140116$lBLL01$h1107
=CAT  \\$aWR14.046$c20140417$lBLL01$h1725
=CAT  \\$aWR13.144/5$c20140418$lBLL01$h1049
=FIN  \\$aY$d20131210
=LKR  \\$aPAR$lBLL01$r776$b013496288$mSoldatskii︠a︡ skazki /$nSoldatskii︠a︡ skazki /
=DGM  \\$a013496288$bCatBridge variable field
=DRT  \\$aWW1
=SRC  \\$aWW1$bEuropeana_Collections_1914-1918_20131128_1
=OHC  \\$a1
=LAS  \\$aWR13.144/5$b00$c20140418$lBLL01$h1049

