=LDR  01894 am a22004693  4500
=001  016563753
=003  Uk
=005  20131210081908.0
=007  cr\mn\024mpada
=008  880629|1918||||enk\\\\|s\\\\o|||\||eng\\
=FMT  \\$a  BK
=019  x\$a0990780082
=040  \\$aUk$cUk
=110  1\$aGreat Britain.$bWar Office.
=245  10$aSecond interim report, Reconstruction Committee, Army Demobilization Sub-Committee, Resettlement of Officers' Committee, etc.
=260  \\$a[London,$c1918]
=300  \\$a11 p. ;$c33 cm.
=336  \\$atext$2rdacontent
=337  \\$acomputer$2rdamedia
=338  \\$aonline$2rdacarrier
=490  0\$a(W.O. paper. 122/73.)
=500  \\$aMS. amendments.
=650  \0$aWorld War, 1914-1918$zGreat Britain
=655  \4$aOfficial document
=859  \\$aXLD$bWW1
=852  4\$cDRT$jDigital Store B.P.2/22.(3.)$aBritish Library$bHMNTS
=985  \\$aCorrected by BSS-generated file for WR# 10/172
=985  \\$aCorrected by MS generated file for WR# 12.037
=985  \\$aEnhanced by MS generated file for WR# 12/139
=985  \\$aEnhanced by MS generated file for WR# 13/021
=985  \\$aEnhanced by MS generated file for WR# 13/054
=CAT  \\$aBATCH-DCW$b00$c20131210$lBLL01$h0819
=CAT  \\$aWR14.046$c20140417$lBLL01$h1725
=CAT  \\$aWR13.144/5$c20140418$lBLL01$h1049
=CAT  \\$aBATCH-UPD$b00$c20150520$lBLL01$h1025
=FIN  \\$aY$d20131210
=LKR  \\$aPAR$lBLL01$r776$b001121956$mSecond interim report, Reconstruction Committee, Army Demobilization Sub-Committee, Resettlement of Officers' Committee, etc.$nSecond interim report, Reconstruction Committee, Army Demobilization Sub-Committee, Resettlement of Officers' Committee, etc.
=DGM  \\$a001121956$bCatBridge variable field
=DRT  \\$aWW1
=SRC  \\$aWW1$bEuropeana_Collections_1914-1918_20131129_1
=OHC  \\$a1
=LAS  \\$aBATCH-UPD$b00$c20150520$lBLL01$h1025

