=LDR  01955 am a22005053  4500
=001  016565606
=003  Uk
=005  20200626182920.0
=007  cr\mn\024mpada
=008  881229|1920||||enk\\\\|s\\\\\|||\||eng\\
=FMT  \\$a  BK
=019  x\$a1631700316
=040  \\$aUk$cUk
=100  1\$aJames, Henry,$d1843-1916.
=240  10$aSingle Works
=245  10$aRefugees in Chelsea. (Reprinted from 'The Times Literary Supplement.').
=264  \1$aChelsea :$bPrinted ... by C. H. St. J. Hornby at the Ashendenc Press,$c1920.
=300  \\$a11 pages ;$c(4º)
=336  \\$atext$2rdacontent
=337  \\$acomputer$2rdamedia
=338  \\$aonline$2rdacarrier
=500  \\$aOne of 50 copies printed for private circulation.
=650  \0$aWorld War, 1914-1918$xRefugees.
=655  \4$aBook
=859  \\$aXLD$bWW1
=852  4\$cDRT$jDigital Store L.R.37.b.7.$aBritish Library$bHMNTS
=985  \\$aCorrected by BSS-generated file for WR# 11/211
=985  \\$aEnhanced by MS generated file for WR# 12/139
=985  \\$aEnhanced by MS generated file for WR# 13/021
=985  \\$aEnhanced by MS generated file for WR# 13/054
=985  \\$aCorrected by MS generated file for WR# 1805-0738
=CAT  \\$aBATCH-DCW$b00$c20131210$lBLL01$h1838
=CAT  \\$aWR14.046$c20140417$lBLL01$h1725
=CAT  \\$aWR13.144/5$c20140418$lBLL01$h1049
=CAT  \\$aBATCH-UPD$b00$c20150520$lBLL01$h1024
=CAT  \\$a1805-0738$c20181228$lBLL01$h1834
=CAT  \\$a1805-0738$b00$c20181228$lBLL01$h1918
=CAT  \\$aW2001-2376$c20200626$lBLL01$h1829
=FIN  \\$aY$d20131210
=LKR  \\$aPAR$lBLL01$r776$b001846842$mRefugees in Chelsea. (Reprinted from 'The Times Literary Supplement.').$nRefugees in Chelsea. (Reprinted from 'The Times Literary Supplement.').
=DGM  \\$a001846842$bCatBridge variable field
=DRT  \\$aWW1
=SRC  \\$aWW1$bEuropeana_Collections_1914-1918_20131202_1
=OHC  \\$a1
=LAS  \\$aW2001-2376$b00$c20200626$lBLL01$h1829

