=LDR  01472 am a22004213  4500
=001  016565607
=003  Uk
=005  20131210183846.0
=007  cr\mn\024mpada
=008  890210s1915\\\\ru\\\\\\s\\\\\000\1\rus\\
=FMT  \\$a  BK
=019  x\$a1810980097
=040  \\$aUk$cUk
=100  1\$aKuzmin, M. A.$q(Mikhail Alekseevich),$d1872-1936.
=245  10$6880-01$aVoennye rasskazy /$cM.Kuzmin ; [oblozhka S. Sudeĭkin].
=260  \\$aPetrograd :$b[Lukomorʹe],$c1915.
=300  \\$a96 p. ;$c18 cm.
=336  \\$atext$2rdacontent
=337  \\$acomputer$2rdamedia
=338  \\$aonline$2rdacarrier
=650  \0$aWorld War, 1914-1918$vFiction
=655  \4$aBook
=700  1\$aSoudeikine, Serge.
=859  \\$aXLD$bWW1
=880  01$6245-10$aВоенные разсказы /$cМ. Кузмин ; [обложка С.Судейкин].
=852  4\$cDRT$jDigital Store 12589.s.4.$aBritish Library$bHMNTS
=985  \\$aCorrected by MS generated file for WR# 12.037
=CAT  \\$aBATCH-DCW$b00$c20131210$lBLL01$h1838
=CAT  \\$aWR14.046$c20140417$lBLL01$h1725
=CAT  \\$aWR13.144/5$c20140418$lBLL01$h1049
=CAT  \\$aBATCH-UPD$b00$c20150520$lBLL01$h1027
=FIN  \\$aY$d20131210
=LKR  \\$aPAR$lBLL01$r776$b002038764$mVoennye rasskazy /$nVoennye rasskazy /
=DGM  \\$a002038764$bCatBridge variable field
=DRT  \\$aWW1
=SRC  \\$aWW1$bEuropeana_Collections_1914-1918_20131202_1
=OHC  \\$a1
=LAS  \\$aBATCH-UPD$b00$c20150520$lBLL01$h1027

