=LDR  01921 am a22005053  4500
=001  016565610
=003  Uk
=005  20200626182920.0
=007  cr\mn\024mpada
=008  900814s1914\\\\au\\\\\\s\\\\\000\0\ukr\\
=FMT  \\$a  BK
=019  x\$a3321180278
=040  \\$aUk$cUk
=110  2\$aUkraïns'ka Partii︠a︡ Sotsialistiv-Revoli︠u︡tsioneriv (UKRAINE)
=245  10$aНаціональне питаннє в Росії й війна /$cНаписав М. Михайленко..
=246  1\$aNat︠s︡ionalne pytanni︠e︡ v Rosiï ĭ viĭna
=264  \1$a[Vienna?],$c1914.
=300  \\$a16 pages ;$c(8º)
=336  \\$atext$2rdacontent
=337  \\$acomputer$2rdamedia
=338  \\$aonline$2rdacarrier
=650  \0$aUkrainian question
=650  \0$aUkrainians
=650  \0$aWorld War, 1914-1918$zUkraine.
=651  \0$aRussia$xEthnic relations
=655  \4$aBook
=700  1\$aMIKHAILENKO, M.
=859  \\$aXLD$bWW1
=886  2\$2blmarc$a709$b00$aMIKHAILENKO$hM.$p8095.ff.91.$x2211680194
=852  4\$cDRT$jDigital Store 8095.ff.91.$aBritish Library$bHMNTS
=985  \\$aCorrected by MS generated file for WR# 12.037
=985  \\$aCorrected by MS generated file for WR# 1805-0738
=CAT  \\$aBATCH-DCW$b00$c20131210$lBLL01$h1838
=CAT  \\$aWR14.046$c20140417$lBLL01$h1725
=CAT  \\$aWR13.144/5$c20140418$lBLL01$h1049
=CAT  \\$a1805-0738$c20181228$lBLL01$h1834
=CAT  \\$a1805-0738$b00$c20181228$lBLL01$h1918
=CAT  \\$aW2001-2376$c20200626$lBLL01$h1829
=FIN  \\$aY$d20131210
=LKR  \\$aPAR$lBLL01$r776$b003703595$mНаціональне питаннє в Росії й війна /$nНаціональне питаннє в Росії й війна /
=DGM  \\$a003703595$bCatBridge variable field
=DRT  \\$aWW1
=SRC  \\$aWW1$bEuropeana_Collections_1914-1918_20131202_1
=OHC  \\$a1
=LAS  \\$aW2001-2376$b00$c20200626$lBLL01$h1829

