=LDR  02130cam a2200541 a 4500
=001  016565614
=003  Uk
=005  20200626182921.0
=007  cr\mn\024mpada
=008  880412s1923\\\\enkabd\\s\\\\\000\0\eng\\
=FMT  \\$a  BK
=019  x\$a0462790274
=040  \\$aUk$cUk$dUk
=041  1\$aeng$hhun
=100  1\$aBuday, László,$d1873-1925.
=240  12$aA megcsonkított Magyarország.$lEnglish
=245  10$aDismembered Hungary /$cby Dr. Ladislaus Buday ; [with an introduction by Lord Newton].
=264  \1$aLondon :$bGrant Richards,$c1923.
=300  \\$axvi, 288 pages :$billustrations, charts, maps ;$c19 cm, (8º)
=336  \\$atext$2rdacontent
=337  \\$acomputer$2rdamedia
=338  \\$aonline$2rdacarrier
=546  \\$aTranslated from Hungarian.
=610  20$aAllied and Associated Powers (1914-1920).$tTreaties, etc.$gHungary,$d1920 June 4.
=650  \0$aWorld War, 1914-1918$xTerritorial questions$zHungary.
=651  \0$aHungary$xEconomic conditions$y1918-1945.
=655  \4$aBook
=700  1\$aNewton, Thomas Wodehouse Legh,$cBaron,$d1857-1942.
=859  \\$aXLD$bWW1
=886  2\$2blmarc$a709$b00$aLEGH$hThomas Wodehouse$fBaron Newton$p10205.bb.36.$x1880670046
=852  4\$cDRT$jDigital Store 10205.bb.36.$aBritish Library$bHMNTS
=985  \\$aCorrected by BSS-generated file for WR# 11/048
=985  \\$aCorrected by MS generated file for WR# 12.037
=985  \\$aCorrected by MS generated file for WR# 1805-0738
=CAT  \\$aBATCH-DCW$b00$c20131210$lBLL01$h1852
=CAT  \\$aWR14.046$c20140417$lBLL01$h1725
=CAT  \\$aWR13.144/5$c20140418$lBLL01$h1049
=CAT  \\$a1805-0738$c20181228$lBLL01$h1834
=CAT  \\$a1805-0738$b00$c20181228$lBLL01$h1918
=CAT  \\$aW2001-2376$c20200626$lBLL01$h1829
=CAT  \\$aBATCH-UPD$b00$c20220427$lBLL01$h2034
=FIN  \\$aY$d20131210
=LKR  \\$aPAR$lBLL01$r776$b000518168$mDismembered Hungary /$nDismembered Hungary /
=DGM  \\$a000518168$bCatBridge variable field
=DRT  \\$aWW1
=SRC  \\$aWW1$bEuropeana_Collections_1914-1918_20131203_1
=OHC  \\$a1
=LAS  \\$aBATCH-UPD$b00$c20220427$lBLL01$h2034

