=LDR  02576 am a22005053  4500
=001  016565615
=003  Uk
=005  20200626182921.0
=007  cr\mn\024mpada
=008  890405|1920||||enk\\\\|s\\\\\|||\||eng\\
=FMT  \\$a  BK
=019  x\$a1981090134
=040  \\$aUk$cUk
=110  2\$aImperial Maritime League (LONDON)
=245  14$aThe Declaration of London and Naval Prize Bill. National starvation in war and the paralysis of Britain's power and rights at sea. (Perils of the Sea. How we kept the flag flying.) Compiled for the Imperial Maritime League by L. Graham H. Horton-Smith ... Ninth edition, etc.
=264  \1$aLondon,$c1920.
=300  \\$axxxii, 248 pages ;$c(8º)
=336  \\$atext$2rdacontent
=337  \\$acomputer$2rdamedia
=338  \\$aonline$2rdacarrier
=650  \0$aWorld War, 1914-1918$xNaval operations.
=655  \4$aBook
=700  1\$aHorton-Smith, L. Graham H.$q(Lionel Graham Horton),$d1871-1953.
=859  \\$aXLD$bWW1
=886  2\$2blmarc$a709$b00$aSMITH$hLionel Graham Horton Horton$p8808.l.7.$x3060170142
=852  4\$cDRT$jDigital Store 8808.l.7.$aBritish Library$bHMNTS
=985  \\$aCorrected by BSS-generated file for WR# 11/048
=985  \\$aEnhanced by MS generated file for WR# 12/139
=985  \\$aCorrected by MS generated file for WR# 1805-0738
=CAT  \\$aBATCH-DCW$b00$c20131210$lBLL01$h1852
=CAT  \\$aWR14.046$c20140417$lBLL01$h1725
=CAT  \\$aWR13.144/5$c20140418$lBLL01$h1049
=CAT  \\$aBATCH-RIGH$c20170607$lBLL01$h1816
=CAT  \\$aR1706-1834$c20170629$lBLL01$h1227
=CAT  \\$a4039$b40$c20180116$lBLL01$h1140
=CAT  \\$a1805-0738$c20181228$lBLL01$h1834
=CAT  \\$a1805-0738$b00$c20181228$lBLL01$h1918
=CAT  \\$aW2001-2376$c20200626$lBLL01$h1829
=FIN  \\$aY$d20131210
=LKR  \\$aPAR$lBLL01$r776$b002231842$mThe Declaration of London and Naval Prize Bill. National starvation in war and the paralysis of Britain's power and rights at sea. (Perils of the Sea. How we kept the flag flying.) Compiled for the Imperial Maritime League by L. Graham H. Horton-Smith ... Ninth edition, etc.$nThe Declaration of London and Naval Prize Bill. National starvation in war and the paralysis of Britain's power and rights at sea. (Perils of the Sea. How we kept the flag flying.) Compiled for the Imperial Maritime League by L. Graham H. Horton-Smith ... Ninth edition, etc.
=DGM  \\$a002231842$bCatBridge variable field
=DRT  \\$aWW1
=SRC  \\$aWW1$bEuropeana_Collections_1914-1918_20131203_1
=OHC  \\$a1
=LAS  \\$aW2001-2376$b00$c20200626$lBLL01$h1829

