=LDR  01952 am a22004933  4500
=001  016565616
=003  Uk
=005  20200626182921.0
=007  cr\mn\024mpada
=008  890703|1915||||enk\\\\|s\\\\\|||\||eng\\
=FMT  \\$a  BK
=019  x\$a227337030X
=040  \\$aUk$cUk
=100  1\$aMORRISON, James Thomas Jackman.
=245  10$aExperiences in Serbia, 1914-15 ... Reprinted from "The Lancet," November 6, 1915. [With plates.]
=264  \1$aLondon,$c[1915]
=300  \\$a25 pages ;$c(8º)
=336  \\$atext$2rdacontent
=337  \\$acomputer$2rdamedia
=338  \\$aonline$2rdacarrier
=650  \0$aWorld War, 1914-1918$xMedical care
=650  \0$aWorld War, 1914-1918$zSerbia
=655  \4$aPamphlet
=859  \\$aXLD$bWW1
=852  4\$cDRT$jDigital Store 9082.f.46.$aBritish Library$bHMNTS
=985  \\$aCorrected by BSS-generated file for WR# 11/211
=985  \\$aCorrected by MS generated file for WR# 12.037
=985  \\$aEnhanced by MS generated file for WR# 12/139
=985  \\$aEnhanced by MS generated file for WR# 13/021
=985  \\$aEnhanced by MS generated file for WR# 13/054
=985  \\$aCorrected by MS generated file for WR# 1805-0738
=CAT  \\$aBATCH-DCW$b00$c20131210$lBLL01$h1852
=CAT  \\$aWR14.046$c20140417$lBLL01$h1725
=CAT  \\$aWR13.144/5$c20140418$lBLL01$h1049
=CAT  \\$a1805-0738$c20181228$lBLL01$h1834
=CAT  \\$a1805-0738$b00$c20181228$lBLL01$h1918
=CAT  \\$aW2001-2376$c20200626$lBLL01$h1829
=FIN  \\$aY$d20131210
=LKR  \\$aPAR$lBLL01$r776$b002557237$mExperiences in Serbia, 1914-15 ... Reprinted from "The Lancet," November 6, 1915. [With plates.]$nExperiences in Serbia, 1914-15 ... Reprinted from "The Lancet," November 6, 1915. [With plates.]
=DGM  \\$a002557237$bCatBridge variable field
=DRT  \\$aWW1
=SRC  \\$aWW1$bEuropeana_Collections_1914-1918_20131203_1
=OHC  \\$a1
=LAS  \\$aW2001-2376$b00$c20200626$lBLL01$h1829

