=LDR  01518 am a22004573  4500
=001  016565618
=003  Uk
=005  20131210185225.0
=007  cr\mn\024mpada
=008  800422s1916\\\\ru\\\\\\s\\\\\000\0\rusr\
=FMT  \\$a  BK
=019  x\$a2604020297
=040  \\$aDLC$cNIC$dNIC$dDLC$dUk
=100  1\$aPlekhanov, Georgiĭ Valentinovich,$d1856-1918.
=245  10$6880-01$aO voĭni︠e︡ /$cG.V. Plekhanov.
=246  11$aO voĭne.
=250  \\$a4-e izd.
=260  \\$aPetrograd :$bKn-vo byvsh. M. V. Popova,$c[1916]
=300  \\$a85 p. ;$c21 cm.
=336  \\$atext$2rdacontent
=337  \\$acomputer$2rdamedia
=338  \\$aonline$2rdacarrier
=500  \\$aAt head of title : G. V. Plekhanov.
=650  \0$aSocialism.
=650  \0$aWorld War, 1914-1918.
=655  \4$aBook
=859  \\$aXLD$bWW1
=880  01$6245-10$aО войнѣ /$cГ.В.Плехановъ.
=852  4\$cDRT$jDigital Store 08027.f.5.$aBritish Library$bHMNTS
=985  \\$aCorrected by MS generated file for WR# 12.037
=CAT  \\$aBATCH-DCW$b00$c20131210$lBLL01$h1852
=CAT  \\$aWR14.046$c20140417$lBLL01$h1725
=CAT  \\$aWR13.144/5$c20140418$lBLL01$h1049
=CAT  \\$aBATCH-UPD$b00$c20150520$lBLL01$h1027
=FIN  \\$aY$d20131210
=LKR  \\$aPAR$lBLL01$r776$b002934941$mO voĭni︠e︡ /$nO voĭni︠e︡ /
=DGM  \\$a002934941$bCatBridge variable field
=DRT  \\$aWW1
=SRC  \\$aWW1$bEuropeana_Collections_1914-1918_20131203_1
=OHC  \\$a1
=LAS  \\$aBATCH-UPD$b00$c20150520$lBLL01$h1027

