=LDR  01517 am a22004213  4500
=001  016565619
=003  Uk
=005  20131210185225.0
=007  cr\mn\024mpada
=008  870506s1916\\\\enk\\\\|s\\\\\|||\||eng\\
=FMT  \\$a  BK
=019  x\$a3792080648
=040  \\$aUk$cUk
=100  1\$aCarpenter, Edward,$d1844-1929.
=245  10$aNever again!. A protest and a warning addressed to the peoples of Europe.
=260  \\$aManchester :$bNational Labour Press,$c[1916]
=300  \\$a12 p. ;$c21 cm.
=336  \\$atext$2rdacontent
=337  \\$acomputer$2rdamedia
=338  \\$aonline$2rdacarrier
=500  \\$aCover title.
=650  \0$aConscientious objection.
=653  \\$aWorld War 1$aConscientious objection
=655  \4$aPamphlet
=859  \\$aXLD$bWW1
=852  4\$cDRT$jDigital Store YA.1987.a.5522$aBritish Library$bHMNTS
=985  \\$aCorrected by MS generated file for WR# 12.037
=CAT  \\$aBATCH-DCW$b00$c20131210$lBLL01$h1852
=CAT  \\$aWR14.046$c20140417$lBLL01$h1725
=CAT  \\$aWR13.144/5$c20140418$lBLL01$h1049
=CAT  \\$aBATCH-UPD$b00$c20150520$lBLL01$h1025
=FIN  \\$aY$d20131210
=LKR  \\$aPAR$lBLL01$r776$b004100721$mNever again!. A protest and a warning addressed to the peoples of Europe.$nNever again!. A protest and a warning addressed to the peoples of Europe.
=DGM  \\$a004100721$bCatBridge variable field
=DRT  \\$aWW1
=SRC  \\$aWW1$bEuropeana_Collections_1914-1918_20131203_1
=OHC  \\$a1
=LAS  \\$aBATCH-UPD$b00$c20150520$lBLL01$h1025

