=LDR  01534 am a22004333  4500
=001  016565620
=003  Uk
=005  20131210185225.0
=007  cr\mn\024mpada
=008  020918s1917\\\\xx\\\\\|s\\\\\000\||eng\\
=FMT  \\$a  BK
=019  x\$a5000299450
=040  \\$aUK$cUk
=100  1\$aSaleeby, C. W.$q(Caleb Williams),$d1878-1940.
=245  10$aSaving the future: the war and the coming race.
=260  \\$bNational Baby Week Council,$c[1917?]
=336  \\$atext$2rdacontent
=337  \\$acomputer$2rdamedia
=338  \\$aonline$2rdacarrier
=597  \\$aRapid and Deferred card.
=650  \0$aWorld War, 1914-1918$xEconomic aspects.
=655  \4$aBook
=859  \\$aXLD$bWW1
=852  4\$cDRT$jDigital Store X.619/6555.$aBritish Library$bHMNTS
=985  \\$aCorrected by MS generated file for WR# 12.037
=CAT  \\$aBATCH-DCW$b00$c20131210$lBLL01$h1852
=CAT  \\$aWR14.046$c20140417$lBLL01$h1725
=CAT  \\$aWR13.144/5$c20140418$lBLL01$h1049
=CAT  \\$aBATCH-UPD$b00$c20150520$lBLL01$h1025
=CAT  \\$aBATCH-RIGH$c20170607$lBLL01$h1816
=CAT  \\$aR1706-1834$c20170629$lBLL01$h1227
=CAT  \\$aBATCH-UPD$b00$c20190321$lBLL01$h2024
=FIN  \\$aY$d20131210
=LKR  \\$aPAR$lBLL01$r776$b004138318$mSaving the future: the war and the coming race.$nSaving the future: the war and the coming race.
=DGM  \\$a004138318$bCatBridge variable field
=DRT  \\$aWW1
=SRC  \\$aWW1$bEuropeana_Collections_1914-1918_20131203_1
=OHC  \\$a1
=LAS  \\$aBATCH-UPD$b00$c20190321$lBLL01$h2024

