=LDR  01394 am a2200397 a 4500
=001  016565622
=003  Uk
=005  20131210190009.0
=007  cr\mn\024mpada
=008  880726s1919\\\\enk\\\\\s\\\\o001\0\eng\\
=FMT  \\$a  BK
=019  x\$a0964400154
=040  \\$aUk$cUk$dUk
=245  00$aOfficers died in the Great War, 1914-1919.
=260  \\$aLondon :$bHis Majestry's Stationery Office,$c1919.
=300  \\$a262 p. ;$c27 cm.
=336  \\$atext$2rdacontent
=337  \\$acomputer$2rdamedia
=338  \\$aonline$2rdacarrier
=505  0\$apt. 1. Old and new armies -- pt. 2. Territorial force.
=650  \0$aWorld War, 1914-1918$xCasualties$vStatistics.
=650  \0$aWorld War, 1914-1918$zGreat Britain
=650  \0$aWorld War, 1914-1918$zGreat Britain.
=655  \4$aOfficial document
=859  \\$aXLD$bWW1
=852  4\$aBritish Library$bHMNTS$cDRT$jDigital Store 9081.ff.8.
=CAT  \\$aBATCH-DCW$b00$c20131210$lBLL01$h1900
=CAT  \\$aWR14.046$c20140417$lBLL01$h1725
=CAT  \\$aWR13.144/5$c20140418$lBLL01$h1049
=FIN  \\$aY$d20131210
=LKR  \\$aPAR$lBLL01$r776$b001094709$mOfficers died in the Great War, 1914-1919.$nOfficers died in the Great War, 1914-1919.
=DGM  \\$a001094709$bCatBridge variable field
=DRT  \\$aWW1
=SRC  \\$aWW1$bEuropeana_Collections_1914-1918_20131204_1
=OHC  \\$a2
=LAS  \\$aWR13.144/5$b00$c20140418$lBLL01$h1049

