=LDR  01702 am a22004693  4500
=001  016565623
=003  Uk
=005  20200626182921.0
=007  cr\mn\024mpada
=008  880628|1914||||enk\\\\|s\\\\\|||\||eng\\
=FMT  \\$a  BK
=019  x\$a0323470033
=040  \\$aUk$cUk
=100  1\$aBillington, Mary Frances.
=245  14$aThe Red Cross in War. Woman's part in the relief of suffering.
=264  \1$aLondon :$bHodder & Stoughton,$c1914.
=300  \\$a190 pages ;$c(8º)
=336  \\$atext$2rdacontent
=337  \\$acomputer$2rdamedia
=338  \\$aonline$2rdacarrier
=490  0\$a[Daily Telegraph War Books.]
=650  \0$aWomen and war.
=655  \4$aBook
=859  \\$aXLD$bWW1
=852  4\$cDRT$jDigital Store 9085.de.1/12.$aBritish Library$bHMNTS
=985  \\$aCorrected by BSS-generated file for WR# 11/048
=985  \\$aEnhanced by MS generated file for WR# 12/139
=985  \\$aCorrected by MS generated file for WR# 1805-0738
=CAT  \\$aBATCH-DCW$b00$c20131210$lBLL01$h1900
=CAT  \\$aWR14.046$c20140417$lBLL01$h1725
=CAT  \\$aWR13.144/5$c20140418$lBLL01$h1049
=CAT  \\$aBATCH-UPD$b00$c20160729$lBLL01$h2023
=CAT  \\$a1805-0738$c20181228$lBLL01$h1834
=CAT  \\$a1805-0738$b00$c20181228$lBLL01$h1918
=CAT  \\$aW2001-2376$c20200626$lBLL01$h1829
=FIN  \\$aY$d20131210
=LKR  \\$aPAR$lBLL01$r776$b000351834$mThe Red Cross in War. Woman's part in the relief of suffering.$nThe Red Cross in War. Woman's part in the relief of suffering.
=DGM  \\$a000351834$bCatBridge variable field
=DRT  \\$aWW1
=SRC  \\$aWW1$bEuropeana_Collections_1914-1918_20131204_1
=OHC  \\$a1
=LAS  \\$aW2001-2376$b00$c20200626$lBLL01$h1829

