=LDR  02475 am a22005293  4500
=001  016565626
=003  Uk
=005  20200626182921.0
=007  cr\mn\024mpada
=008  880718|1918||||enk\\\\|s\\\\o|||\||eng\\
=FMT  \\$a  BK
=019  x\$a0970070004
=040  \\$aUk$cUk
=110  1\$aGreat Britain.$bArmy.$bInfantry.$bRegiments.$bDuke of Edinburgh's (Wiltshire) Regiment.$b4th Battalion.$bDuke of Wellington's (West Riding Regiment)
=245  10$aHistory of the Duke of Wellington's West Riding Regiment (The Iron Duke's Own) during the first three Years of the great War from August 1914 to December 1917. By J. J. Fisher.
=264  \1$aHalifax :$bExors. of G. T. Whitehead,$c[1918]
=300  \\$a152 pages ;$c(8º)
=336  \\$atext$2rdacontent
=337  \\$acomputer$2rdamedia
=338  \\$aonline$2rdacarrier
=650  \0$aRegimental histories
=655  \4$aBook
=700  1\$aFISHER, James J.
=859  \\$aXLD$bWW1
=886  2\$2blmarc$a709$b00$aFISHER$hJames J.$p08821.bb.1.$x1092730125
=852  4\$cDRT$jDigital Store 08821.bb.1.$aBritish Library$bHMNTS
=985  \\$aCorrected by BSS-generated file for WR# 08/145
=985  \\$aCorrected by BSS-generated file for WR# 11/160
=985  \\$aEnhanced by MS generated file for WR# 12/139
=985  \\$aEnhanced by MS generated file for WR# 13/021
=985  \\$aEnhanced by MS generated file for WR# 13/054
=985  \\$aCorrected by MS generated file for WR# 1805-0738
=CAT  \\$aBATCH-DCW$b00$c20131210$lBLL01$h1900
=CAT  \\$aWR14.046$c20140417$lBLL01$h1725
=CAT  \\$aWR13.144/5$c20140418$lBLL01$h1049
=CAT  \\$aBATCH-RIGH$c20170607$lBLL01$h1816
=CAT  \\$aR1706-1834$c20170629$lBLL01$h1227
=CAT  \\$a1805-0738$c20181228$lBLL01$h1834
=CAT  \\$a1805-0738$b00$c20181228$lBLL01$h1918
=CAT  \\$aW2001-2376$c20200626$lBLL01$h1829
=FIN  \\$aY$d20131210
=LKR  \\$aPAR$lBLL01$r776$b001096486$mHistory of the Duke of Wellington's West Riding Regiment (The Iron Duke's Own) during the first three Years of the great War from August 1914 to December 1917. By J. J. Fisher.$nHistory of the Duke of Wellington's West Riding Regiment (The Iron Duke's Own) during the first three Years of the great War from August 1914 to December 1917. By J. J. Fisher.
=DGM  \\$a001096486$bCatBridge variable field
=DRT  \\$aWW1
=SRC  \\$aWW1$bEuropeana_Collections_1914-1918_20131204_1
=OHC  \\$a1
=LAS  \\$aW2001-2376$b00$c20200626$lBLL01$h1829

