=LDR  02246 am a22005413  4500
=001  016565627
=003  Uk
=005  20200626182921.0
=007  cr\mn\024mpada
=008  880718|1923||||enk\\\\|s\\\\o|||\||eng\\
=FMT  \\$a  BK
=019  x\$a0970350112
=040  \\$aUk$cUk
=110  1\$aGreat Britain.$bArmy.$bInfantry.$bRegiments.$bRoyal Irish Rifles, afterwards Royal Ulster Rifles.
=245  12$aA Short History of the Royal Ulster Rifles. [By Lieut. F. P. Roe and others. With coloured plates.]
=264  \1$aAldershot :$bGale & Polden,$c1923.
=300  \\$a40 pages ;$c(8º)
=336  \\$atext$2rdacontent
=337  \\$acomputer$2rdamedia
=338  \\$aonline$2rdacarrier
=650  \0$aRegimental histories
=655  \4$abook
=700  1\$aROE, Frederick Percival.
=859  \\$aXLD$bWW1
=886  2\$2blmarc$a709$b00$aROE$hFrederick Percival$p8833.aaa.40.$x2790370052
=852  4\$cDRT$jDigital Store 8833.aaa.40.$aBritish Library$bHMNTS
=985  \\$aCorrected by BSS-generated file
=985  \\$aCorrected by BSS-generated file for WR# 08/145
=985  \\$aCorrected by BSS-generated file for WR# 11/211
=985  \\$aEnhanced by MS generated file for WR# 12/139
=985  \\$aEnhanced by MS generated file for WR# 13/021
=985  \\$aEnhanced by MS generated file for WR# 13/054
=985  \\$aCorrected by MS generated file for WR# 1805-0738
=CAT  \\$aBATCH-DCW$b00$c20131210$lBLL01$h1900
=CAT  \\$aWR14.046$c20140417$lBLL01$h1725
=CAT  \\$aWR13.144/5$c20140418$lBLL01$h1049
=CAT  \\$aBATCH-RIGH$c20170607$lBLL01$h1816
=CAT  \\$aR1706-1834$c20170629$lBLL01$h1227
=CAT  \\$a1805-0738$c20181228$lBLL01$h1834
=CAT  \\$a1805-0738$b00$c20181228$lBLL01$h1918
=CAT  \\$aW2001-2376$c20200626$lBLL01$h1829
=FIN  \\$aY$d20131210
=LKR  \\$aPAR$lBLL01$r776$b001097184$mA Short History of the Royal Ulster Rifles. [By Lieut. F. P. Roe and others. With coloured plates.]$nA Short History of the Royal Ulster Rifles. [By Lieut. F. P. Roe and others. With coloured plates.]
=DGM  \\$a001097184$bCatBridge variable field
=DRT  \\$aWW1
=SRC  \\$aWW1$bEuropeana_Collections_1914-1918_20131204_1
=OHC  \\$a1
=LAS  \\$aW2001-2376$b00$c20200626$lBLL01$h1829

