=LDR  01758 am a22004693  4500
=001  016565628
=003  Uk
=005  20200626182921.0
=007  cr\mn\024mpada
=008  880718|1918||||enk\\\\|s\\\\o|||\||eng\\
=FMT  \\$a  BK
=019  x\$a0970500211
=040  \\$aUk$cUk
=110  1\$aGreat Britain.$bRoyal Flying Corps.
=240  10$aAppendix
=245  14$aThe Work and Training of the Royal Flying Corps. [With illustrations.]
=264  \1$aLondon :$bIllustrated London News,$c[1918]
=300  \\$a46 pages ;$c(folio)
=336  \\$atext$2rdacontent
=337  \\$acomputer$2rdamedia
=338  \\$aonline$2rdacarrier
=650  \0$aWorld War, 1914-1918$xAerial operations
=655  \4$aPamphlet
=859  \\$aXLD$bWW1
=852  4\$cDRT$jDigital Store 9081.h.13.$aBritish Library$bHMNTS
=985  \\$aCorrected by BSS-generated file for WR# 11/211
=985  \\$aCorrected by MS generated file for WR# 12.037
=985  \\$aEnhanced by MS generated file for WR# 12/139
=985  \\$aCorrected by MS generated file for WR# 1805-0738
=CAT  \\$aBATCH-DCW$b00$c20131210$lBLL01$h1900
=CAT  \\$aWR14.046$c20140417$lBLL01$h1725
=CAT  \\$aWR13.144/5$c20140418$lBLL01$h1049
=CAT  \\$a1805-0738$c20181228$lBLL01$h1834
=CAT  \\$a1805-0738$b00$c20181228$lBLL01$h1918
=CAT  \\$aW2001-2376$c20200626$lBLL01$h1829
=FIN  \\$aY$d20131210
=LKR  \\$aPAR$lBLL01$r776$b001097552$mThe Work and Training of the Royal Flying Corps. [With illustrations.]$nThe Work and Training of the Royal Flying Corps. [With illustrations.]
=DGM  \\$a001097552$bCatBridge variable field
=DRT  \\$aWW1
=SRC  \\$aWW1$bEuropeana_Collections_1914-1918_20131204_1
=OHC  \\$a1
=LAS  \\$aW2001-2376$b00$c20200626$lBLL01$h1829

