=LDR  01573 am a22004333  4500
=001  016565632
=003  Uk
=005  20131210190024.0
=007  cr\mn\024mpada
=008  900829|1914|||||||\\\\|s\\\\\|||\||eng\\
=FMT  \\$a  BK
=019  x\$a3411780029
=040  \\$aUk$cUk
=100  1\$aVivian, Evelyn Charles,$d1882-1947.
=245  10$aWith the Royal Army Medical Corps ... at the Front.
=260  \\$c1914.
=300  \\$a180 p.
=336  \\$atext$2rdacontent
=337  \\$acomputer$2rdamedia
=338  \\$aonline$2rdacarrier
=580  \\$aIn : Periodical Publications.-London.-Daily Telegraph. The Daily Telegraph War Books. 1914, etc. 8º.
=650  \0$aWorld War, 1914-1918$xMedical care.
=655  \4$aBook
=859  \\$aXLD$bWW1
=852  4\$cDRT$jDigital Store 9085.de.1/15.$aBritish Library$bHMNTS
=985  \\$aCorrected by BSS-generated file for WR# 11/211
=985  \\$aEnhanced by MS generated file for WR# 13/021
=985  \\$aEnhanced by MS generated file for WR# 13/054
=CAT  \\$aBATCH-DCW$b00$c20131210$lBLL01$h1900
=CAT  \\$aWR14.046$c20140417$lBLL01$h1725
=CAT  \\$aWR13.144/5$c20140418$lBLL01$h1049
=CAT  \\$aBATCH-UPD$b00$c20190202$lBLL01$h1341
=FIN  \\$aY$d20131210
=LKR  \\$aPAR$lBLL01$r776$b003807070$mWith the Royal Army Medical Corps ... at the Front.$nWith the Royal Army Medical Corps ... at the Front.
=DGM  \\$a003807070$bCatBridge variable field
=DRT  \\$aWW1
=SRC  \\$aWW1$bEuropeana_Collections_1914-1918_20131204_1
=OHC  \\$a1
=LAS  \\$aBATCH-UPD$b00$c20190202$lBLL01$h1341

