=LDR  05382 as a2201189 a 4500
=001  016565633
=003  Uk
=005  20131210190024.0
=007  cr\mn\024mpada
=007  ta
=008  880209d191719uuenkuu\\\s\\\\\00\\a0eng\\
=FMT  \\$a  SE
=019  x\$a0523080085
=040  \\$aUk$cUk$dUk
=245  00$aChronicles of Cliveden.
=246  14$aStand easy
=260  \\$a[Taplow, Bucks.] :$bDuchess of Connaught Canadian Military Hospital, Cliveden.
=300  \\$av. ;$c28 cm.
=336  \\$atext$2rdacontent
=337  \\$acomputer$2rdamedia
=338  \\$aonline$2rdacarrier
=650  \0$aMilitary hospitals$zGreat Britain$vPeriodicals.
=650  \0$aRegimental histories.
=650  \0$aWorld War, 1914-1918$xHospitals$zEngland$vPeriodicals.
=650  \0$aWorld War, 1914-1918$xTrench warfare.
=655  \4$aTrench journal
=710  2\$aDuchess of Connaught Canadian Military Hospital (Taplow, England)
=859  \\$aXLD$bWW1
=852  4\$cDRT$jDigital Store P.P.4039.wbm.(13.)$aBritish Library$bHMNTS$3Vol. 1, no. 1 (30 June 1917) only
=985  \\$a650 0{dollar}aWorld War, 1914-1918{dollar}xTrench warfare -- 650 {dollar}aRegimental histories -- Europeana Project LCSH.
=985  \\$aCorrected by BSS-generated file for WR# 10/107
=985  \\$aCorrected by MS generated file for WR# 12.037
=985  \\$aEnhanced by MS generated file for WR# 13/021
=985  \\$aEnhanced by MS generated file for WR# 13/054
=CAT  \\$aBATCH-DCW$b00$c20131210$lBLL01$h1900
=CAT  \\$aBATCH-DCW$b00$c20131210$lBLL01$h2127
=CAT  \\$aBATCH-DCW$b00$c20131210$lBLL01$h2134
=CAT  \\$aBATCH-DCW$b00$c20131210$lBLL01$h2139
=CAT  \\$aBATCH-DCW$b00$c20131210$lBLL01$h2143
=CAT  \\$aBATCH-DCW$b00$c20131210$lBLL01$h2148
=CAT  \\$aBATCH-DCW$b00$c20131210$lBLL01$h2158
=CAT  \\$aBATCH-DCW$b00$c20131210$lBLL01$h2210
=CAT  \\$aBATCH-DCW$b00$c20131210$lBLL01$h2215
=CAT  \\$aBATCH-DCW$b00$c20131210$lBLL01$h2222
=CAT  \\$aBATCH-DCW$b00$c20131210$lBLL01$h2227
=CAT  \\$aBATCH-DCW$b00$c20131210$lBLL01$h2234
=CAT  \\$aBATCH-DCW$b00$c20131210$lBLL01$h2238
=CAT  \\$aBATCH-DCW$b00$c20131210$lBLL01$h2242
=CAT  \\$aBATCH-DCW$b00$c20131210$lBLL01$h2247
=CAT  \\$aBATCH-DCW$b00$c20131210$lBLL01$h2310
=CAT  \\$aBATCH-DCW$b00$c20131211$lBLL01$h0552
=CAT  \\$aBATCH-DCW$b00$c20131211$lBLL01$h0556
=CAT  \\$aBATCH-DCW$b00$c20131211$lBLL01$h0600
=CAT  \\$aBATCH-DCW$b00$c20131211$lBLL01$h0604
=CAT  \\$aBATCH-DCW$b00$c20131211$lBLL01$h0608
=CAT  \\$aBATCH-DCW$b00$c20131218$lBLL01$h1345
=CAT  \\$aBATCH-DCW$b00$c20131218$lBLL01$h1352
=CAT  \\$aBATCH-DCW$b00$c20131218$lBLL01$h1359
=CAT  \\$aWR14.046$c20140417$lBLL01$h1725
=CAT  \\$aWR13.144/5$c20140418$lBLL01$h1049
=FIN  \\$aY$d20131210
=LKR  \\$aPAR$lBLL01$r776$b000588976$mChronicles of Cliveden.$nChronicles of Cliveden.
=DGM  \\$a000588976$bCatBridge variable field
=DRT  \\$aWW1
=SRC  \\$aWW1$bEuropeana_Collections_1914-1918_20131204_1
=SRC  \\$aWW1$bEuropeana_Collections_1914-1918_20131204_10aa
=SRC  \\$aWW1$bEuropeana_Collections_1914-1918_20131204_10ab
=SRC  \\$aWW1$bEuropeana_Collections_1914-1918_20131204_10ac
=SRC  \\$aWW1$bEuropeana_Collections_1914-1918_20131204_10ad
=SRC  \\$aWW1$bEuropeana_Collections_1914-1918_20131204_10ae
=SRC  \\$aWW1$bEuropeana_Collections_1914-1918_20131204_10af
=SRC  \\$aWW1$bEuropeana_Collections_1914-1918_20131204_10ag
=SRC  \\$aWW1$bEuropeana_Collections_1914-1918_20131204_10ah
=SRC  \\$aWW1$bEuropeana_Collections_1914-1918_20131204_10ai
=SRC  \\$aWW1$bEuropeana_Collections_1914-1918_20131204_2
=SRC  \\$aWW1$bEuropeana_Collections_1914-1918_20131204_3
=SRC  \\$aWW1$bEuropeana_Collections_1914-1918_20131204_4
=SRC  \\$aWW1$bEuropeana_Collections_1914-1918_20131204_5
=SRC  \\$aWW1$bEuropeana_Collections_1914-1918_20131204_6
=SRC  \\$aWW1$bEuropeana_Collections_1914-1918_20131204_7
=SRC  \\$aWW1$bEuropeana_Collections_1914-1918_20131204_8
=SRC  \\$aWW1$bEuropeana_Collections_1914-1918_20131204_9
=SRC  \\$aWW1$bEuropeana_Collections_1914-1918_20131205_1
=SRC  \\$aWW1$bEuropeana_Collections_1914-1918_20131205_10aa
=SRC  \\$aWW1$bEuropeana_Collections_1914-1918_20131205_10ab
=SRC  \\$aWW1$bEuropeana_Collections_1914-1918_20131205_10ac
=SRC  \\$aWW1$bEuropeana_Collections_1914-1918_20131205_10ad
=SRC  \\$aWW1$bEuropeana_Collections_1914-1918_20131205_10ae
=SRC  \\$aWW1$bEuropeana_Collections_1914-1918_20131205_10af
=SRC  \\$aWW1$bEuropeana_Collections_1914-1918_20131205_2
=SRC  \\$aWW1$bEuropeana_Collections_1914-1918_20131205_3
=SRC  \\$aWW1$bEuropeana_Collections_1914-1918_20131205_4
=SRC  \\$aWW1$bEuropeana_Collections_1914-1918_20131205_5
=SRC  \\$aWW1$bEuropeana_Collections_1914-1918_20131205_6
=SRC  \\$aWW1$bEuropeana_Collections_1914-1918_20131205_7
=SRC  \\$aWW1$bEuropeana_Collections_1914-1918_20131205_8
=SRC  \\$aWW1$bEuropeana_Collections_1914-1918_20131205_9
=SRC  \\$aWW1$bEuropeana_Collections_1914-1918_20131209_1
=SRC  \\$aWW1$bEuropeana_Collections_1914-1918_20131209_2
=SRC  \\$aWW1$bEuropeana_Collections_1914-1918_20131209_3
=OHC  \\$a1
=LAS  \\$aWR13.144/5$b00$c20140418$lBLL01$h1049

