=LDR  01653 as a22004333  4500
=001  016565634
=003  Uk
=005  20131210190024.0
=007  cr\mn\024mpada
=008  880420u1916||||||||||p|s|\\\|||\\||eng\\
=FMT  \\$a  SE
=019  x\$a0750090332
=040  \\$aUk$cUk
=245  14$aThe Cyclopede. [The magazine of H.M.S. Cyclops.] Xmas no. ... Decr. 1916 (Easter number, March, 1918).
=264  \1$c[1916, 18]
=300  \\$c(4º)
=336  \\$atext$2rdacontent
=337  \\$acomputer$2rdamedia
=338  \\$aonline$2rdacarrier
=340  \\$m4to$2rdabf
=720  \\$aCYCLOPS, H.M.S.$emain entry
=859  \\$aXLD$bWW1
=852  4\$cDRT$jDigital Store P.P.4039.wb.(12.)$aBritish Library$bHMNTS
=985  \\$aCorrected by MS generated file for WR# 11/211
=985  \\$aCorrected by MS generated file for WR# 1805-0738
=CAT  \\$aBATCH-DCW$b00$c20131210$lBLL01$h1900
=CAT  \\$aWR14.046$c20140417$lBLL01$h1725
=CAT  \\$aWR13.144/5$c20140418$lBLL01$h1049
=CAT  \\$aBATCH-RIGH$c20170607$lBLL01$h1816
=CAT  \\$aR1706-1834$c20170629$lBLL01$h1227
=CAT  \\$a1805-0738$c20181228$lBLL01$h1834
=CAT  \\$a1805-0738$b00$c20181228$lBLL01$h1918
=FIN  \\$aY$d20131210
=LKR  \\$aPAR$lBLL01$r776$b000844432$mThe Cyclopede. [The magazine of H.M.S. Cyclops.] Xmas no. ... Decr. 1916 (Easter number, March, 1918).$nThe Cyclopede. [The magazine of H.M.S. Cyclops.] Xmas no. ... Decr. 1916 (Easter number, March, 1918).
=DGM  \\$a000844432$bCatBridge variable field
=DRT  \\$aWW1
=SRC  \\$aWW1$bEuropeana_Collections_1914-1918_20131204_1
=OHC  \\$a1
=LAS  \\$a1805-0738$b00$c20181228$lBLL01$h1918

