=LDR  02217 as a22005773  4500
=001  016565635
=003  Uk
=005  20131210190024.0
=007  cr\mn\024mpada
=008  880726u191uuuuuxx\mr\p\s\\\\\00\\a0eng\\
=FMT  \\$a  SE
=019  x\$a096443010X
=040  \\$aUk$cUk
=110  1\$aGreat Britain.$bArmy.$bBritish Expeditionary Force.
=245  14$aThe "Switchboard."
=264  \1$aIn the Field-B.E.F. :$bBritish Expeditionary Force.
=300  \\$av :$billustrations ;$c(4º)
=310  \\$aMonthly
=336  \\$atext$2rdacontent
=337  \\$acomputer$2rdamedia
=338  \\$aonline$2rdacarrier
=340  \\$m4to$2rdabf
=500  \\$a"The leading illustrated magazine of the B.E.F."
=610  10$aGreat Britain.$bArmy.$bBritish Expeditionary Force$vPeriodicals.
=650  \0$aWorld War, 1914-1918$xCampaigns$zWestern Front
=655  \4$aTrench journal
=859  \\$aXLD$bWW1
=852  4\$cDRT$jDigital Store P.P.4039.wbf.(11.)$aBritish Library$bHMNTS$3No. 2 (Aug. 1916)-no. 6 (Jan./Feb. 1917)
=985  \\$aCorrected by BSS-generated file for WR# 08/145
=985  \\$aCorrected by MS generated file for WR# 1805-0738
=CAT  \\$aBATCH-DCW$b00$c20131210$lBLL01$h1900
=CAT  \\$aBATCH-DCW$b00$c20131210$lBLL01$h1912
=CAT  \\$aBATCH-DCW$b00$c20131210$lBLL01$h1922
=CAT  \\$aBATCH-DCW$b00$c20131210$lBLL01$h2024
=CAT  \\$aBATCH-DCW$b00$c20131210$lBLL01$h2034
=CAT  \\$aWR14.046$c20140417$lBLL01$h1725
=CAT  \\$aWR13.144/5$c20140418$lBLL01$h1049
=CAT  \\$aBATCH-UPD$b00$c20150520$lBLL01$h1028
=CAT  \\$a1805-0738$c20181228$lBLL01$h1834
=CAT  \\$a1805-0738$b00$c20181228$lBLL01$h1918
=FIN  \\$aY$d20131210
=LKR  \\$aPAR$lBLL01$r776$b001094769$mThe "Switchboard."$nThe "Switchboard."
=DGM  \\$a001094769$bCatBridge variable field
=DRT  \\$aWW1
=SRC  \\$aWW1$bEuropeana_Collections_1914-1918_20131204_1
=SRC  \\$aWW1$bEuropeana_Collections_1914-1918_20131204_2
=SRC  \\$aWW1$bEuropeana_Collections_1914-1918_20131204_3
=SRC  \\$aWW1$bEuropeana_Collections_1914-1918_20131204_4
=SRC  \\$aWW1$bEuropeana_Collections_1914-1918_20131204_5
=OHC  \\$a1
=LAS  \\$a1805-0738$b00$c20181228$lBLL01$h1918

