=LDR  02215 as a22005893  4500
=001  016565636
=003  Uk
=005  20131210190024.0
=007  cr\mn\024mpada
=008  880718d19151916xx\uu\p\s\\\\\00\\a0eng\\
=FMT  \\$a  SE
=019  x\$a0970110197
=040  \\$aUk$cUk
=245  04$aThe Morning Rire.
=264  \1$a[On Active Service],$c1915-1916.
=300  \\$c(folio)
=336  \\$atext$2rdacontent
=337  \\$acomputer$2rdamedia
=338  \\$aonline$2rdacarrier
=340  \\$mfolio$2rdabf
=500  \\$aThe Trench Newspaper of the 2nd Irish Guards.
=500  \\$aTypewritten.
=650  \0$aWorld War, 1914-1918$xCampaigns$zWestern Front
=655  \4$aTrench journal
=710  1\$aGreat Britain.$bArmy.$bIrish Guards.$bBattalion, 2nd.
=859  \\$aXLD$bWW1
=852  4\$cDRT$jDigital Store P.P.4039.w.(3.)$aBritish Library$bHMNTS$31st ed. (1915)-6th ed. (1916)
=985  \\$aCorrected by BSS-generated file for WR# 08/145
=985  \\$aCorrected by MS generated file for WR# 11/211
=985  \\$aCorrected by MS generated file for WR# 1805-0738
=CAT  \\$aBATCH-DCW$b00$c20131210$lBLL01$h1900
=CAT  \\$aBATCH-DCW$b00$c20131210$lBLL01$h1912
=CAT  \\$aBATCH-DCW$b00$c20131210$lBLL01$h1922
=CAT  \\$aBATCH-DCW$b00$c20131210$lBLL01$h2024
=CAT  \\$aBATCH-DCW$b00$c20131210$lBLL01$h2034
=CAT  \\$aBATCH-DCW$b00$c20131210$lBLL01$h2148
=CAT  \\$aWR14.046$c20140417$lBLL01$h1725
=CAT  \\$aWR13.144/5$c20140418$lBLL01$h1049
=CAT  \\$a1805-0738$c20181228$lBLL01$h1834
=CAT  \\$a1805-0738$b00$c20181228$lBLL01$h1918
=FIN  \\$aY$d20131210
=LKR  \\$aPAR$lBLL01$r776$b001096609$mThe Morning Rire.$nThe Morning Rire.
=DGM  \\$a001096609$bCatBridge variable field
=DRT  \\$aWW1
=SRC  \\$aWW1$bEuropeana_Collections_1914-1918_20131204_1
=SRC  \\$aWW1$bEuropeana_Collections_1914-1918_20131204_10ai
=SRC  \\$aWW1$bEuropeana_Collections_1914-1918_20131204_2
=SRC  \\$aWW1$bEuropeana_Collections_1914-1918_20131204_3
=SRC  \\$aWW1$bEuropeana_Collections_1914-1918_20131204_4
=SRC  \\$aWW1$bEuropeana_Collections_1914-1918_20131204_5
=OHC  \\$a1
=LAS  \\$a1805-0738$b00$c20181228$lBLL01$h1918

