=LDR  01844 as a2200505 a 4500
=001  016565637
=003  Uk
=005  20131210190024.0
=007  cr\mn\024mpada
=007  ta
=008  950124d19141917enkuu\p\s\\\\\00\\a0eng\\
=FMT  \\$a  SE
=019  x\$a1002990122
=040  \\$aUk$cUk$dUk
=245  04$aThe Alliance war almanack for ...
=246  30$aTemperance war almanack and yearly compendium of facts, figures, and testimonies
=260  \\$aManchester :$bUnited Kingdom Alliance,$c[1914-1917]
=300  \\$av. :$bill. ;$c22 cm.
=336  \\$atext$2rdacontent
=337  \\$acomputer$2rdamedia
=338  \\$aonline$2rdacarrier
=500  \\$aThe Almanack for 1919 was not published.
=650  \0$aTemperance$zGreat Britain$vPeriodicals.
=655  \4$aTrench journal
=710  2\$aUnited Kingdom Alliance.
=780  00$tAlliance temperance almanack for ...
=785  00$tAlliance almanack ...
=859  \\$aXLD$bWW1
=852  4\$aBritish Library$bHMNTS$cDRT$jDigital Store P.P.2485.pma
=CAT  \\$aBATCH-DCW$b00$c20131210$lBLL01$h1900
=CAT  \\$aBATCH-DCW$b00$c20131210$lBLL01$h1912
=CAT  \\$aBATCH-DCW$b00$c20131210$lBLL01$h1922
=CAT  \\$aBATCH-DCW$b00$c20131210$lBLL01$h2148
=CAT  \\$aWR14.046$c20140417$lBLL01$h1725
=CAT  \\$aWR13.144/5$c20140418$lBLL01$h1049
=FIN  \\$aY$d20131210
=LKR  \\$aPAR$lBLL01$r776$b001140094$mThe Alliance war almanack for ...$nThe Alliance war almanack for ...
=DGM  \\$a001140094$bCatBridge variable field
=DRT  \\$aWW1
=SRC  \\$aWW1$bEuropeana_Collections_1914-1918_20131204_1
=SRC  \\$aWW1$bEuropeana_Collections_1914-1918_20131204_10ai
=SRC  \\$aWW1$bEuropeana_Collections_1914-1918_20131204_2
=SRC  \\$aWW1$bEuropeana_Collections_1914-1918_20131204_3
=OHC  \\$a1
=LAS  \\$aWR13.144/5$b00$c20140418$lBLL01$h1049

