=LDR  02355 as a2200529 a 4500
=001  016565638
=003  Uk
=005  20131210190024.0
=007  cr\mn\024mpada
=007  ta
=008  890726d191u191uua\uu\p\s\\\\o00\\a0eng\\
=FMT  \\$a  SE
=019  x\$a2352710057
=040  \\$aUk$cUk$dUk
=245  00$aTe korero "Aotea" /$ccontributed by the patients of the Aotea Convalescent Home, Heliopolis, Cairo.
=264  \1$aCairo :$b[Whitehead, Morris & Co. (Egypt) Ltd.]
=300  \\$av :$billustrations ;$c(4º)
=336  \\$atext$2rdacontent
=337  \\$acomputer$2rdamedia
=338  \\$aonline$2rdacarrier
=340  \\$m4to$2rdabf
=500  \\$aThe Aotea Convalescent Home equipped by public subscription from the people of Wairarapa, Wanganui and Rangitikei districts. It was under the control of the NZ military authorities but not run on strictly military lines. It opened officially on the 25 November 1915 and remained open until the Armistice in 1918. After the NZ Division had left for France, the Home remained as a convalescent centre for the NZ Mounted Brigade.
=588  \\$aDescription based on: 1918 issue.
=610  10$aNew Zealand.$bArmy.$bExpeditionary Force$vAnecdotes.
=610  20$aAotea Convalescent Home$vAnecdotes.
=650  \0$aSoldiers' writings, New Zealand.
=650  \0$aWorld War, 1914-1918$zNew Zealand$vAnecdotes.
=655  \4$aTrench journal
=710  1\$aNew Zealand.$bArmy.$bExpeditionary Force.
=859  \\$aXLD$bWW1
=852  4\$cDRT$jDigital Store P.P.4039.wb.(9.)$aBritish Library$bHMNTS
=985  \\$aCorrected by BSS-generated file for WR# 10/107
=985  \\$aCorrected by MS generated file for WR# 12.037
=985  \\$aEnhanced by MS generated file for WR# 12/139
=985  \\$aCorrected by MS generated file for WR# 1805-0738
=CAT  \\$aBATCH-DCW$b00$c20131210$lBLL01$h1900
=CAT  \\$aWR14.046$c20140417$lBLL01$h1725
=CAT  \\$aWR13.144/5$c20140418$lBLL01$h1049
=CAT  \\$a1805-0738$c20181228$lBLL01$h1834
=CAT  \\$a1805-0738$b00$c20181228$lBLL01$h1918
=FIN  \\$aY$d20131210
=LKR  \\$aPAR$lBLL01$r776$b002639912$mTe korero "Aotea" /$nTe korero "Aotea" /
=DGM  \\$a002639912$bCatBridge variable field
=DRT  \\$aWW1
=SRC  \\$aWW1$bEuropeana_Collections_1914-1918_20131204_1
=OHC  \\$a1
=LAS  \\$a1805-0738$b00$c20181228$lBLL01$h1918

