=LDR  01786 as a2200493 a 4500
=001  016565639
=003  Uk
=005  20131210190024.0
=007  cr\mn\024mpada
=007  ta
=008  890726d191619uuenkuu\p\s\\\\o00\\a0eng\\
=FMT  \\$a  SE
=019  x\$a2352710170
=040  \\$aUk$cUk$dUk
=245  04$aThe scullery mail.
=264  \1$aWalton-on-Thames,$c1916-.
=300  \\$av :$billustrations ;$c(4º)
=336  \\$atext$2rdacontent
=337  \\$acomputer$2rdamedia
=338  \\$aonline$2rdacarrier
=340  \\$m4to$2rdabf
=610  10$aNew Zealand Military Hospital (Walton-on-Thames, England)$vAnecdotes.
=610  10$aNew Zealand.$bArmed Forces$xMilitary life$vAnecdotes.
=610  10$aNew Zealand.$bArmy.$bExpeditionary Force$vAnecdotes.
=650  \0$aSoldiers' writings, New Zealand.
=710  1\$aNew Zealand Military Hospital (Walton-on-Thames, England)
=859  \\$aXLD$bWW1
=852  4\$cDRT$jDigital Store P.P.4039.wb.(11.)$aBritish Library$bHMNTS$31 no. (March 1916) only
=985  \\$aCorrected by MS generated file for WR# 11/211
=985  \\$aCorrected by MS generated file for WR# 1805-0738
=CAT  \\$aBATCH-DCW$b00$c20131210$lBLL01$h1900
=CAT  \\$aWR14.046$c20140417$lBLL01$h1725
=CAT  \\$aWR13.144/5$c20140418$lBLL01$h1049
=CAT  \\$aBATCH-RIGH$c20170607$lBLL01$h1816
=CAT  \\$aR1706-1834$c20170629$lBLL01$h1227
=CAT  \\$a1805-0738$c20181228$lBLL01$h1834
=CAT  \\$a1805-0738$b00$c20181228$lBLL01$h1918
=FIN  \\$aY$d20131210
=LKR  \\$aPAR$lBLL01$r776$b002639923$mThe scullery mail.$nThe scullery mail.
=DGM  \\$a002639923$bCatBridge variable field
=DRT  \\$aWW1
=SRC  \\$aWW1$bEuropeana_Collections_1914-1918_20131204_1
=OHC  \\$a1
=LAS  \\$a1805-0738$b00$c20181228$lBLL01$h1918

