=LDR  02009 as a2200505 a 4500
=001  016565640
=003  Uk
=005  20131210190024.0
=007  cr\mn\024mpada
=007  ta
=008  890726d191519uuua\uu\p\s\\\\\00\\a0eng\\
=FMT  \\$a  SE
=019  x\$a2352710197
=040  \\$aUk$cUk$dUk
=245  04$aThe desert rag /$cproduced by 16 Platoon "D" Coy, 2nd Battallion, New Zealand Rifle Brigade ; editor Robert Metcalfe.
=260  \\$aAlexandria [Egypt] :$b16 Platoon, D Co.,$c1915-
=300  \\$av. ;$c26 cm.
=336  \\$atext$2rdacontent
=337  \\$acomputer$2rdamedia
=338  \\$aonline$2rdacarrier
=362  0\$aNo. 1 (25th Dec., 1915)-
=500  \\$aTroop magazine consisting of anecdotes, verse, prose, sketches and jokes.
=610  10$aNew Zealand.$bArmy.$bNew Zealand Rifle Brigade.$bBattalion, 2nd$vPeriodicals.
=650  \0$aSoldier's writings, New Zealand.
=650  \0$aWorld War, 1914-1918$xCampaigns$zEgypt$vPeriodicals.
=650  \0$aWorld War, 1914-1918$zNew Zealand$vPeriodicals.
=655  \4$aTrench journal
=710  1\$aNew Zealand.$bArmy.$bNew Zealand Rifle Brigade.$bBattalion, 2nd.
=859  \\$aXLD$bWW1
=852  4\$cDRT$jDigital Store P.P.4039.wb.(10.)$aBritish Library$bHMNTS$3No. 1 (25 Dec. 1915) only
=985  \\$aCorrected by BSS-generated file for WR# 10/107
=985  \\$aCorrected by MS generated file for WR# 12.037
=985  \\$aEnhanced by MS generated file for WR# 12/139
=CAT  \\$aBATCH-DCW$b00$c20131210$lBLL01$h1900
=CAT  \\$aBATCH-DCW$b00$c20131218$lBLL01$h1812
=CAT  \\$aWR14.046$c20140417$lBLL01$h1725
=CAT  \\$aWR13.144/5$c20140418$lBLL01$h1049
=FIN  \\$aY$d20131210
=LKR  \\$aPAR$lBLL01$r776$b002639925$mThe desert rag /$nThe desert rag /
=DGM  \\$a002639925$bCatBridge variable field
=DRT  \\$aWW1
=SRC  \\$aWW1$bEuropeana_Collections_1914-1918_20131204_1
=SRC  \\$aWW1$bEuropeana_Collections_1914-1918_20131217_1
=OHC  \\$a1
=LAS  \\$aWR13.144/5$b00$c20140418$lBLL01$h1049

