=LDR  02116 am a2200493 a 4500
=001  016565641
=003  Uk
=005  20131210190024.0
=007  cr\mn\024mpada
=008  880718s1917\\\\enka\\\\s\\\\\000\0\eng\\
=FMT  \\$a  BK
=040  \\$aUk$cUk$dUk
=245  04$aThe Gehenna gazette :$bbeing the summer number of the "Hades herald", the (un)official organ of the Inns of Court O.T.C.
=260  \\$aBerkhamsted :$bInns of Court O.T.C.,$c1917.
=300  \\$aiii, 36 p. :$bill.
=336  \\$atext$2rdacontent
=337  \\$acomputer$2rdamedia
=338  \\$aonline$2rdacarrier
=500  \\$a"August, 1917"
=500  \\$a"Volunteer contributions by W.W. Jacobs & 'Touchstone'"--Cover.
=500  \\$aAdvertisements: p. i-iii, 29-36.
=500  \\$aArticles and poems by members of Inns of Court Officers' Training Corps, Berkhamsted.
=610  10$aGreat Britain.$bArmy.$bInns of Court Officers' Training Corps.
=650  \0$aSoldiers' writings, English.
=650  \0$aWorld War, 1914-1918$vGift books.
=650  \0$aWorld War, 1914-1918$vHumor.
=650  \0$aWorld War, 1914-1918$vPoetry.
=650  \0$aWorld War, 1914-1918$zEngland$zBerkhamsted.
=650  \0$aWorld War, 1914-1918$zWestern Front.
=651  \0$aBerkhamsted (England)
=710  1\$aGreat Britain.$bArmy.$bInns of Court Officers' Training Corps.
=730  0\$aHades herald.
=859  \\$aXLD$bWW1
=852  4\$cDRT$jDigital Store P.P.4039.wsc.(1.)$aBritish Library$bHMNTS
=CAT  \\$aBATCH-DCW$b00$c20131210$lBLL01$h1900
=CAT  \\$aWR14.046$c20140417$lBLL01$h1725
=CAT  \\$aWR13.144/5$c20140418$lBLL01$h1049
=FIN  \\$aY$d20131210
=LKR  \\$aPAR$lBLL01$r776$b016500212$mThe Gehenna gazette : being the summer number of the "Hades herald", the (un)official organ of the Inns of Court O.T.C.$nThe Gehenna gazette : being the summer number of the "Hades herald", the (un)official organ of the Inns of Court O.T.C.
=DGM  \\$a016500212$bCatBridge variable field
=DRT  \\$aWW1
=SRC  \\$aWW1$bEuropeana_Collections_1914-1918_20131204_1
=OHC  \\$a1
=LAS  \\$aWR13.144/5$b00$c20140418$lBLL01$h1049

