=LDR  02064 am a22004453  4500
=001  016565644
=003  Uk
=005  20200626182921.0
=007  cr\mn\024mpada
=008  020107s1919\\\\enk\\\\|s\\\\\000\||eng\\
=FMT  \\$a  BK
=019  x\$a1414520085
=040  \\$aUk$cUk
=100  1\$aHATCH, Frederick Henry.
=245  14$aThe Iron and Steel Industry of the United Kingdom under war conditions: a record of the work of the iron and steel production department of the Ministry of Munitions ... With illustrations and diagrams.
=264  \1$aLondon :$bPrivately printed for Sir John Hunter,$c1919.
=300  \\$axii, 167 pages ;$c(8º)
=336  \\$atext$2rdacontent
=337  \\$acomputer$2rdamedia
=338  \\$aonline$2rdacarrier
=650  \0$aWorld War, 1914-1918$xTechnology.
=655  \4$aBook
=859  \\$aXLD$bWW1
=852  4\$aBritish Library$bHMNTS$cDRT$jDigital Store 08229.g.67.
=985  \\$aCorrected by BSS-generated file for WR# 11/048
=985  \\$aCorrected by MS generated file for WR# 12.037
=985  \\$aCorrected by MS generated file for WR# 1805-0738
=CAT  \\$aBATCH-DCW$b00$c20131210$lBLL01$h2154
=CAT  \\$aWR14.046$c20140417$lBLL01$h1725
=CAT  \\$aWR13.144/5$c20140418$lBLL01$h1049
=CAT  \\$a1805-0738$c20181228$lBLL01$h1834
=CAT  \\$a1805-0738$b00$c20181228$lBLL01$h1918
=CAT  \\$aW2001-2376$c20200626$lBLL01$h1829
=FIN  \\$aY$d20131210
=LKR  \\$aPAR$lBLL01$r776$b001615232$mThe Iron and Steel Industry of the United Kingdom under war conditions: a record of the work of the iron and steel production department of the Ministry of Munitions ... With illustrations and diagrams.$nThe Iron and Steel Industry of the United Kingdom under war conditions: a record of the work of the iron and steel production department of the Ministry of Munitions ... With illustrations and diagrams.
=DGM  \\$a001615232$bCatBridge variable field
=DRT  \\$aWW1
=SRC  \\$aWW1$bEuropeana_Collections_1914-1918_20131205_1
=OHC  \\$a2
=LAS  \\$aW2001-2376$b00$c20200626$lBLL01$h1829

