=LDR  01676 am a22004693  4500
=001  016565645
=003  Uk
=005  20131210215451.0
=007  cr\mn\024mpada
=008  880428|1917||||jm\\\\\|s\\\\\|||\||eng\\
=FMT  \\$a  BK
=019  x\$a080024009X
=040  \\$aUk$cUk
=100  1\$aDe Lisser, Herbert George,$d1878-1944.
=245  10$aJamaica and the Great War /$cby Herbert G. deLisser.
=260  \\$aKingston, Jamaica :$bGleaner Co.,$c1917.
=300  \\$a135 p., [8] leaves of plates :$bill., ports. ;$c26 cm.
=336  \\$atext$2rdacontent
=337  \\$acomputer$2rdamedia
=338  \\$aonline$2rdacarrier
=650  \0$aRegimental histories.
=650  \0$aWorld War, 1914-1918$zJamaica.
=650  \0$aWorld War, 1914-1918.
=651  \0$aJamaica$xHistory$yTo 1962.
=655  \4$aBook
=859  \\$aXLD$bWW1
=852  4\$cDRT$jDigital Store 9082.g.47.$aBritish Library$bHMNTS
=985  \\$aCorrected by BSS-generated file for WR# 11/160
=985  \\$aCorrected by MS generated file for WR# 12.037
=985  \\$aEnhanced by MS generated file for WR# 12/139
=985  \\$aEnhanced by MS generated file for WR# 13/021
=985  \\$aEnhanced by MS generated file for WR# 13/054
=CAT  \\$aBATCH-DCW$b00$c20131210$lBLL01$h2154
=CAT  \\$aWR14.046$c20140417$lBLL01$h1725
=CAT  \\$aWR13.144/5$c20140418$lBLL01$h1049
=FIN  \\$aY$d20131210
=LKR  \\$aPAR$lBLL01$r776$b000901590$mJamaica and the Great War /$nJamaica and the Great War /
=DGM  \\$a000901590$bCatBridge variable field
=DRT  \\$aWW1
=SRC  \\$aWW1$bEuropeana_Collections_1914-1918_20131205_1
=OHC  \\$a1
=LAS  \\$aWR13.144/5$b00$c20140418$lBLL01$h1049

