=LDR  02099 am a22005053  4500
=001  016565646
=003  Uk
=005  20200626182921.0
=007  cr\mn\024mpada
=008  880726|1917||||enk\\\\|s\\\\o|||\||eng\\
=FMT  \\$a  BK
=019  x\$a0964060175
=040  \\$aUk$cUk
=110  1\$aGreat Britain.$bArmy.
=240  10$aRegulations and Orders. II. Regulations and Treatises on Special Subjects. Army Accounts
=245  10$aFinancial Instructions in relation to Army Accounts. 1910. Reprinted with amendments to 1st October, 1917.
=264  \1$aLondon,$c1917.
=300  \\$aiii, 100 pages ;$c(8º)
=336  \\$atext$2rdacontent
=337  \\$acomputer$2rdamedia
=338  \\$aonline$2rdacarrier
=650  \0$aWorld War, 1914-1918$zGreat Britain
=655  \4$aOfficial document
=859  \\$aXLD$bWW1
=852  4\$cDRT$jDigital Store 08821.e.39.$aBritish Library$bHMNTS
=985  \\$aCorrected by BSS-generated file for WR# 08/145
=985  \\$aCorrected by BSS-generated file for WR# 11/048
=985  \\$aCorrected by MS generated file for WR# 12.037
=985  \\$aEnhanced by MS generated file for WR# 12/139
=985  \\$aEnhanced by MS generated file for WR# 13/021
=985  \\$aEnhanced by MS generated file for WR# 13/054
=985  \\$aCorrected by MS generated file for WR# 1805-0738
=CAT  \\$aBATCH-DCW$b00$c20131210$lBLL01$h2154
=CAT  \\$aWR14.046$c20140417$lBLL01$h1725
=CAT  \\$aWR13.144/5$c20140418$lBLL01$h1049
=CAT  \\$a1805-0738$c20181228$lBLL01$h1834
=CAT  \\$a1805-0738$b00$c20181228$lBLL01$h1918
=CAT  \\$aW2001-2376$c20200626$lBLL01$h1829
=FIN  \\$aY$d20131210
=LKR  \\$aPAR$lBLL01$r776$b001093590$mFinancial Instructions in relation to Army Accounts. 1910. Reprinted with amendments to 1st October, 1917.$nFinancial Instructions in relation to Army Accounts. 1910. Reprinted with amendments to 1st October, 1917.
=DGM  \\$a001093590$bCatBridge variable field
=DRT  \\$aWW1
=SRC  \\$aWW1$bEuropeana_Collections_1914-1918_20131205_1
=OHC  \\$a1
=LAS  \\$aW2001-2376$b00$c20200626$lBLL01$h1829

