=LDR  02114 am a22005053  4500
=001  016565647
=003  Uk
=005  20200626182921.0
=007  cr\mn\024mpada
=008  880726|1914||||enk\\\\|s\\\\o|||\||eng\\
=FMT  \\$a  BK
=019  x\$a0964080249
=040  \\$aUk$cUk
=110  1\$aGreat Britain.$bArmy.
=240  10$aRegulations and Orders. II. Regulations and Treatises on Special Subjects. Clothing
=245  10$aRegulations for the Clothing of the Army. Part I.-Regular Forces. Excluding the Special Reserve. War Office, 1914.
=264  \1$aLondon,$c[1914]
=300  \\$a206 pages ;$c(8º)
=336  \\$atext$2rdacontent
=337  \\$acomputer$2rdamedia
=338  \\$aonline$2rdacarrier
=650  \0$aWorld War, 1914-1918$zGreat Britain
=655  \4$aOfficial document
=859  \\$aXLD$bWW1
=852  4\$cDRT$jDigital Store 8836.bb.27.$aBritish Library$bHMNTS
=985  \\$aCorrected by BSS-generated file for WR# 08/145
=985  \\$aCorrected by BSS-generated file for WR# 11/211
=985  \\$aCorrected by MS generated file for WR# 12.037
=985  \\$aEnhanced by MS generated file for WR# 12/139
=985  \\$aEnhanced by MS generated file for WR# 13/021
=985  \\$aEnhanced by MS generated file for WR# 13/054
=985  \\$aCorrected by MS generated file for WR# 1805-0738
=CAT  \\$aBATCH-DCW$b00$c20131210$lBLL01$h2154
=CAT  \\$aWR14.046$c20140417$lBLL01$h1725
=CAT  \\$aWR13.144/5$c20140418$lBLL01$h1049
=CAT  \\$a1805-0738$c20181228$lBLL01$h1834
=CAT  \\$a1805-0738$b00$c20181228$lBLL01$h1918
=CAT  \\$aW2001-2376$c20200626$lBLL01$h1829
=FIN  \\$aY$d20131210
=LKR  \\$aPAR$lBLL01$r776$b001093668$mRegulations for the Clothing of the Army. Part I.-Regular Forces. Excluding the Special Reserve. War Office, 1914.$nRegulations for the Clothing of the Army. Part I.-Regular Forces. Excluding the Special Reserve. War Office, 1914.
=DGM  \\$a001093668$bCatBridge variable field
=DRT  \\$aWW1
=SRC  \\$aWW1$bEuropeana_Collections_1914-1918_20131205_1
=OHC  \\$a1
=LAS  \\$aW2001-2376$b00$c20200626$lBLL01$h1829

