=LDR  01711 am a22004693  4500
=001  016565648
=003  Uk
=005  20200626182921.0
=007  cr\mn\024mpada
=008  880629|1917||||enk\\\\|s\\\\o|||\||eng\\
=FMT  \\$a  BK
=019  x\$a0990700208
=040  \\$aUk$cUk
=110  1\$aGreat Britain.$bWar Office.$bGeneral Staff.
=245  10$aHandbook of the German Army in War. January, 1917.
=264  \1$a[London],$c[1917]
=300  \\$a125 pages, 11 plates ;$c(8º)
=336  \\$atext$2rdacontent
=337  \\$acomputer$2rdamedia
=338  \\$aonline$2rdacarrier
=650  \0$a650 _0$aGermany
=655  \4$aOfficial document
=859  \\$aXLD$bWW1
=852  4\$cDRT$jDigital Store 8822.bb.34.$aBritish Library$bHMNTS
=985  \\$aCorrected by MS generated file for WR# 12.037
=985  \\$aEnhanced by MS generated file for WR# 12/139
=985  \\$aEnhanced by MS generated file for WR# 13/021
=985  \\$aEnhanced by MS generated file for WR# 13/054
=985  \\$aCorrected by MS generated file for WR# 1805-0738
=CAT  \\$aBATCH-DCW$b00$c20131210$lBLL01$h2154
=CAT  \\$aWR14.046$c20140417$lBLL01$h1725
=CAT  \\$aWR13.144/5$c20140418$lBLL01$h1049
=CAT  \\$a1805-0738$c20181228$lBLL01$h1834
=CAT  \\$a1805-0738$b00$c20181228$lBLL01$h1918
=CAT  \\$aW2001-2376$c20200626$lBLL01$h1829
=FIN  \\$aY$d20131210
=LKR  \\$aPAR$lBLL01$r776$b001121738$mHandbook of the German Army in War. January, 1917.$nHandbook of the German Army in War. January, 1917.
=DGM  \\$a001121738$bCatBridge variable field
=DRT  \\$aWW1
=SRC  \\$aWW1$bEuropeana_Collections_1914-1918_20131205_1
=OHC  \\$a1
=LAS  \\$aW2001-2376$b00$c20200626$lBLL01$h1829

