=LDR  01827 am a22005053  4500
=001  016565649
=003  Uk
=005  20200626182921.0
=007  cr\mn\024mpada
=008  881005|1916||||enk\\\\|s\\\\\|||\||eng\\
=FMT  \\$a  BK
=019  x\$a1060720221
=040  \\$aUk$cUk
=100  1\$aFARROW, Thomas,$cand CROTCH (William Walter)
=245  14$aThe Coming Trade War.
=264  \1$aLondon :$bChapman & Hall,$c1916.
=300  \\$a164 pages ;$c(8º)
=336  \\$atext$2rdacontent
=337  \\$acomputer$2rdamedia
=338  \\$aonline$2rdacarrier
=650  \0$aWorld War, 1914-1918$xEconomic aspects.
=655  \4$aBook
=700  1\$aCrotch, W. Walter$q(William Walter),$d1874-1947.
=859  \\$aXLD$bWW1
=886  2\$2blmarc$a709$b00$aCROTCH$hWilliam Walter$p08225.e.31.$x0732600251
=852  4\$cDRT$jDigital Store 08225.e.31.$aBritish Library$bHMNTS
=985  \\$aCorrected by BSS-generated file for WR# 11/048
=985  \\$aCorrected by MS generated file for WR# 12.037
=985  \\$aEnhanced by MS generated file for WR# 12/139
=985  \\$aCorrected by MS generated file for WR# 1805-0738
=CAT  \\$aBATCH-DCW$b00$c20131210$lBLL01$h2154
=CAT  \\$aWR14.046$c20140417$lBLL01$h1725
=CAT  \\$aWR13.144/5$c20140418$lBLL01$h1049
=CAT  \\$aBATCH-RIGH$c20170607$lBLL01$h1816
=CAT  \\$aR1706-1834$c20170629$lBLL01$h1227
=CAT  \\$a1805-0738$c20181228$lBLL01$h1834
=CAT  \\$a1805-0738$b00$c20181228$lBLL01$h1918
=CAT  \\$aW2001-2376$c20200626$lBLL01$h1829
=FIN  \\$aY$d20131210
=LKR  \\$aPAR$lBLL01$r776$b001203538$mThe Coming Trade War.$nThe Coming Trade War.
=DGM  \\$a001203538$bCatBridge variable field
=DRT  \\$aWW1
=SRC  \\$aWW1$bEuropeana_Collections_1914-1918_20131205_1
=OHC  \\$a1
=LAS  \\$aW2001-2376$b00$c20200626$lBLL01$h1829

