=LDR  01568 as a2200445 a 4500
=001  016565653
=003  Uk
=005  20131210215452.0
=007  cr\mn\024mpada
=007  ta
=008  941208d19161916enkbr\p\s\\\\o00\\a0eng\\
=FMT  \\$a  SE
=019  x\$a0970740093
=040  \\$aUk$cUk$dUk
=245  00$aSecond Southern magazine.
=246  14$aMagazine of the 2nd Southern General Hospital
=260  \\$aBristol :$b2nd Southern General Hospital,$c1916.
=300  \\$a1 v. ;$c23 cm.
=336  \\$atext$2rdacontent
=337  \\$acomputer$2rdamedia
=338  \\$aonline$2rdacarrier
=362  0\$aVol. 1, no. 1 (Apr. 1916).
=650  \0$aMilitary hospitals$zEngland$zBristol$vPeriodicals.
=650  \0$aSoldiers' writings, English$vPeriodicals.
=650  \0$aWorld War, 1914-1918$vHumor$vPeriodicals.
=650  \0$aWorld War, 1914-1918$zEngland$zBristol$vPeriodicals.
=710  1\$aGreat Britain.$bArmy.$b2nd Southern General Hospital, Bristol.
=785  00$tKit-bag (Bristol, England)
=859  \\$aXLD$bWW1
=852  4\$aBritish Library$bHMNTS$cDRT$jDigital Store P.P.4039.wcc.(6.)
=CAT  \\$aBATCH-DCW$b00$c20131210$lBLL01$h2154
=CAT  \\$aWR14.046$c20140417$lBLL01$h1725
=CAT  \\$aWR13.144/5$c20140418$lBLL01$h1049
=FIN  \\$aY$d20131210
=LKR  \\$aPAR$lBLL01$r776$b001098298$mSecond Southern magazine.$nSecond Southern magazine.
=DGM  \\$a001098298$bCatBridge variable field
=DRT  \\$aWW1
=SRC  \\$aWW1$bEuropeana_Collections_1914-1918_20131205_1
=OHC  \\$a1
=LAS  \\$aWR13.144/5$b00$c20140418$lBLL01$h1049

