=LDR  01983 as a2200541 a 4500
=001  016565654
=003  Uk
=005  20131210215452.0
=007  cr\mn\024mpada
=007  ta
=008  941208d191619uuenkbr\p\s\\\\o00\\a0eng\\
=FMT  \\$a  SE
=019  x\$a0970740093
=040  \\$aUk$cUk$dUk
=130  0\$aKit-bag (Bristol, England)
=245  14$aThe kit-bag.
=260  \\$aBristol, England :$b2nd Southern General Hospital,$c1916-
=300  \\$av. :$bill. ;$c23 cm.
=336  \\$atext$2rdacontent
=337  \\$acomputer$2rdamedia
=338  \\$aonline$2rdacarrier
=362  0\$aVol. 1, no. 2 (June 1916)-
=650  \0$aMilitary hospitals$zEngland$zBristol$vPeriodicals.
=650  \0$aSoldiers' writings, English$vPeriodicals.
=650  \0$aWorld War, 1914-1918$vHumor$vPeriodicals.
=650  \0$aWorld War, 1914-1918$zEngland$zBristol$vPeriodicals.
=655  \4$aTrench journal
=710  1\$aGreat Britain.$bArmy.$b2nd Southern General Hospital, Bristol.
=780  00$tSecond Southern magazine
=859  \\$aXLD$bWW1
=852  4\$aBritish Library$bHMNTS$cDRT$jDigital Store P.P.4039.wcc.(6.)
=CAT  \\$aBATCH-DCW$b00$c20131210$lBLL01$h2154
=CAT  \\$aBATCH-DCW$b00$c20131210$lBLL01$h2310
=CAT  \\$aBATCH-DCW$b00$c20131211$lBLL01$h0534
=CAT  \\$aBATCH-DCW$b00$c20131211$lBLL01$h0547
=CAT  \\$aBATCH-DCW$b00$c20131218$lBLL01$h1345
=CAT  \\$aWR14.046$c20140417$lBLL01$h1725
=CAT  \\$aWR13.144/5$c20140418$lBLL01$h1049
=FIN  \\$aY$d20131210
=LKR  \\$aPAR$b001098298$lBLL01$r78000$mThe kit-bag.$nSecond Southern magazine.
=LKR  \\$aPAR$lBLL01$r776$b001098299$mThe kit-bag.$nThe kit-bag.
=DGM  \\$a001098299$bCatBridge variable field
=DRT  \\$aWW1
=SRC  \\$aWW1$bEuropeana_Collections_1914-1918_20131205_1
=SRC  \\$aWW1$bEuropeana_Collections_1914-1918_20131205_10aa
=SRC  \\$aWW1$bEuropeana_Collections_1914-1918_20131209_1
=OHC  \\$a1
=LAS  \\$aWR13.144/5$b00$c20140418$lBLL01$h1049

