=LDR  04674 as a2201081ua 4500
=001  016565655
=003  Uk
=005  20131210215452.0
=007  cr\mn\024mpada
=008  870414d1918\\\\enk||\p|s|\\\|||\\||eng\\
=FMT  \\$a  SE
=019  0\$as05564001x
=040  \\$aUk$cUk
=084  \\$aBY 00$2blsrissc
=110  1\$aGreat Britain.$bWar Office.
=245  00$aTechnical supplement - War Office.
=264  \1$aLondon,$c1918-1919.
=300  \\$c(folio)
=336  \\$atext$2rdacontent
=337  \\$acomputer$2rdamedia
=338  \\$aonline$2rdacarrier
=340  \\$mfolio$2rdabf
=580  \\$aContinuation of "Great Britain. War Office. Daily review of the foreign press", q.v.
=580  \\$aContinued as "Great Britain. War Office. Technical review", q.v.
=650  \0$aWorld War, 1914-1918$xPropaganda.
=655  \4$aTrench journal
=886  2\$2blmarc$a029$b00$aS055640001$aS05917000X
=859  \\$aXLD$bWW1
=852  4\$aBritish Library$bSTI$cDRT$jDigital Store (P) BY 00 -E(109)
=968  \\$aC
=985  \\$aCorrected by MS generated file for WR# 12.037
=985  \\$aCorrected by MS generated file for WR# 1805-0738
=CAT  \\$aBATCH-DCW$b00$c20131210$lBLL01$h2154
=CAT  \\$aBATCH-DCW$b00$c20131210$lBLL01$h2247
=CAT  \\$aBATCH-DCW$b00$c20131210$lBLL01$h2310
=CAT  \\$aBATCH-DCW$b00$c20131211$lBLL01$h0552
=CAT  \\$aBATCH-DCW$b00$c20131211$lBLL01$h0556
=CAT  \\$aBATCH-DCW$b00$c20131211$lBLL01$h0600
=CAT  \\$aBATCH-DCW$b00$c20131211$lBLL01$h0604
=CAT  \\$aBATCH-DCW$b00$c20131211$lBLL01$h0612
=CAT  \\$aBATCH-DCW$b00$c20131211$lBLL01$h0616
=CAT  \\$aBATCH-DCW$b00$c20131211$lBLL01$h0620
=CAT  \\$aBATCH-DCW$b00$c20131211$lBLL01$h0624
=CAT  \\$aBATCH-DCW$b00$c20131211$lBLL01$h0627
=CAT  \\$aBATCH-DCW$b00$c20131211$lBLL01$h0631
=CAT  \\$aBATCH-DCW$b00$c20131211$lBLL01$h0636
=CAT  \\$aBATCH-DCW$b00$c20131211$lBLL01$h0640
=CAT  \\$aBATCH-DCW$b00$c20131211$lBLL01$h0644
=CAT  \\$aBATCH-DCW$b00$c20131218$lBLL01$h1345
=CAT  \\$aBATCH-DCW$b00$c20131218$lBLL01$h1352
=CAT  \\$aBATCH-DCW$b00$c20131218$lBLL01$h1359
=CAT  \\$aBATCH-DCW$b00$c20131218$lBLL01$h1406
=CAT  \\$aBATCH-DCW$b00$c20131218$lBLL01$h1413
=CAT  \\$aBATCH-DCW$b00$c20140120$lBLL01$h0058
=CAT  \\$aWR14.046$c20140417$lBLL01$h1725
=CAT  \\$aWR13.144/5$c20140418$lBLL01$h1049
=CAT  \\$a1805-0738$c20181228$lBLL01$h1834
=CAT  \\$a1805-0738$b00$c20181228$lBLL01$h1918
=FIN  \\$aY$d20131210
=LKR  \\$aPAR$lBLL01$r776$b012094600$mTechnical supplement - War Office.$nTechnical supplement - War Office.
=DGM  \\$a012094600$bCatBridge variable field
=DRT  \\$aWW1
=SRC  \\$aWW1$bEuropeana_Collections_1914-1918_20131205_1
=SRC  \\$aWW1$bEuropeana_Collections_1914-1918_20131205_10aa
=SRC  \\$aWW1$bEuropeana_Collections_1914-1918_20131205_10ab
=SRC  \\$aWW1$bEuropeana_Collections_1914-1918_20131205_10ac
=SRC  \\$aWW1$bEuropeana_Collections_1914-1918_20131205_10ad
=SRC  \\$aWW1$bEuropeana_Collections_1914-1918_20131205_10ae
=SRC  \\$aWW1$bEuropeana_Collections_1914-1918_20131205_10ag
=SRC  \\$aWW1$bEuropeana_Collections_1914-1918_20131205_10ah
=SRC  \\$aWW1$bEuropeana_Collections_1914-1918_20131205_10ai
=SRC  \\$aWW1$bEuropeana_Collections_1914-1918_20131205_10aj
=SRC  \\$aWW1$bEuropeana_Collections_1914-1918_20131205_10ak
=SRC  \\$aWW1$bEuropeana_Collections_1914-1918_20131205_10al
=SRC  \\$aWW1$bEuropeana_Collections_1914-1918_20131205_10am
=SRC  \\$aWW1$bEuropeana_Collections_1914-1918_20131205_10an
=SRC  \\$aWW1$bEuropeana_Collections_1914-1918_20131205_10ao
=SRC  \\$aWW1$bEuropeana_Collections_1914-1918_20131205_2
=SRC  \\$aWW1$bEuropeana_Collections_1914-1918_20131205_3
=SRC  \\$aWW1$bEuropeana_Collections_1914-1918_20131205_4
=SRC  \\$aWW1$bEuropeana_Collections_1914-1918_20131205_5
=SRC  \\$aWW1$bEuropeana_Collections_1914-1918_20131205_6
=SRC  \\$aWW1$bEuropeana_Collections_1914-1918_20131205_7
=SRC  \\$aWW1$bEuropeana_Collections_1914-1918_20131205_8
=SRC  \\$aWW1$bEuropeana_Collections_1914-1918_20131205_9
=SRC  \\$aWW1$bEuropeana_Collections_1914-1918_20131209_1
=SRC  \\$aWW1$bEuropeana_Collections_1914-1918_20131209_2
=SRC  \\$aWW1$bEuropeana_Collections_1914-1918_20131209_3
=SRC  \\$aWW1$bEuropeana_Collections_1914-1918_20131209_4
=SRC  \\$aWW1$bEuropeana_Collections_1914-1918_20131209_5
=SRC  \\$aWW1$bEuropeana_Collections_1914-1918_20131219
=OHC  \\$a1
=LAS  \\$a1805-0738$b00$c20181228$lBLL01$h1918

