=LDR  01932 am a22005173  4500
=001  016565659
=003  Uk
=005  20200626182921.0
=007  cr\mn\024mpada
=008  880405|1918||||enk\\\\|s\\\\\|||\||eng\\
=FMT  \\$a  BK
=019  x\$a071080007X
=040  \\$aUk$cUk
=100  1\$aCoulson, Leslie,$d-1916.
=245  10$a[From an Outpost, and other poems.]
=250  \\$a(Fourth impression, third edition.).
=264  \1$aLondon :$bErskine Macdonald,$c1918.
=300  \\$a56 pages ;$c(8º)
=336  \\$atext$2rdacontent
=337  \\$acomputer$2rdamedia
=338  \\$aonline$2rdacarrier
=650  \0$aWorld War, 1914-1918$xLiterature and the war.
=655  \4$aBook
=787  0\$tFrom an Outpost, and other poems.$w(Uk)MP1.0000845672$dpp. 42. Erskine Macdonald: London, 1917. 8º.
=859  \\$aXLD$bWW1
=852  4\$cDRT$jDigital Store 011648.e.70.$aBritish Library$bHMNTS
=985  \\$aCorrected by MS generated file for WR# 12.037
=985  \\$aDisaggregated record: Type B
=985  \\$aEnhanced by MS generated file for WR# 12/139
=985  \\$aEnhanced by MS generated file for WR# 13/021
=985  \\$aEnhanced by MS generated file for WR# 13/054
=985  \\$aRecord amended for WR# 13/070
=985  \\$aCorrected by MS generated file for WR# 1805-0738
=CAT  \\$aBATCH-DCW$b00$c20131211$lBLL01$h0648
=CAT  \\$aWR14.046$c20140417$lBLL01$h1725
=CAT  \\$aWR13.144/5$c20140418$lBLL01$h1049
=CAT  \\$a1805-0738$c20181228$lBLL01$h1834
=CAT  \\$a1805-0738$b00$c20181228$lBLL01$h1918
=CAT  \\$aW2001-2376$c20200626$lBLL01$h1829
=FIN  \\$aY$d20131211
=LKR  \\$aPAR$lBLL01$r776$b000798919$m[From an Outpost, and other poems.]$n[From an Outpost, and other poems.]
=DGM  \\$a000798919$bCatBridge variable field
=DRT  \\$aWW1
=SRC  \\$aWW1$bEuropeana_Collections_1914-1918_20131206_1
=OHC  \\$a1
=LAS  \\$aW2001-2376$b00$c20200626$lBLL01$h1829

