=LDR  01884 am a22004933  4500
=001  016565662
=003  Uk
=005  20200626182921.0
=007  cr\mn\024mpada
=008  880818|1914||||enk\\\\|s\\\\\|||\||eng\\
=FMT  \\$a  BK
=019  x\$a1121180280
=040  \\$aUk$cUk
=100  1\$aFoster, Alfred Edye Manning,$d1876-
=245  10$aLord God of Battles: a war anthology. Compiled by A. E. M. Foster.
=264  \1$aLondon :$bCope & Fenwick,$c1914.
=300  \\$a79 pages ;$c(8º)
=336  \\$atext$2rdacontent
=337  \\$acomputer$2rdamedia
=338  \\$aonline$2rdacarrier
=650  \0$aWorld War, 1914-1918$xLiterature and the war.
=655  \4$aBook
=859  \\$aXLD$bWW1
=852  4\$cDRT$jDigital Store 011604.ee.11.$aBritish Library$bHMNTS
=985  \\$aCorrected by BSS-generated file for WR# 11/048
=985  \\$aCorrected by MS generated file for WR# 12.037
=985  \\$aEnhanced by MS generated file for WR# 12/139
=985  \\$aEnhanced by MS generated file for WR# 13/021
=985  \\$aEnhanced by MS generated file for WR# 13/054
=985  \\$aCorrected by MS generated file for WR# 1805-0738
=CAT  \\$aBATCH-DCW$b00$c20131211$lBLL01$h0648
=CAT  \\$aWR14.046$c20140417$lBLL01$h1725
=CAT  \\$aWR13.144/5$c20140418$lBLL01$h1049
=CAT  \\$a5194$b40$c20160708$lBLL01$h1541
=CAT  \\$a1805-0738$c20181228$lBLL01$h1834
=CAT  \\$a1805-0738$b00$c20181228$lBLL01$h1918
=CAT  \\$aW2001-2376$c20200626$lBLL01$h1829
=FIN  \\$aY$d20131211
=LKR  \\$aPAR$lBLL01$r776$b001275600$mLord God of Battles: a war anthology. Compiled by A. E. M. Foster.$nLord God of Battles: a war anthology. Compiled by A. E. M. Foster.
=DGM  \\$a001275600$bCatBridge variable field
=DRT  \\$aWW1
=SRC  \\$aWW1$bEuropeana_Collections_1914-1918_20131206_1
=OHC  \\$a1
=LAS  \\$aW2001-2376$b00$c20200626$lBLL01$h1829

