=LDR  01525 am a22004333  4500
=001  016565663
=003  Uk
=005  20200626182921.0
=007  cr\mn\024mpada
=008  880823s1915\\\\enk\\\\\s\\\\\000\p\eng\\
=FMT  \\$a  BK
=019  x\$a1181350093
=040  \\$aUk$cUk
=100  1\$aGrenfell, Julian,$d1888-1915.
=245  10$aInto Battle. Flanders, April 1915.
=264  \1$a[London] :$bprivately printed by the Medici Society,$c[1915]
=300  \\$a1 sheet ;$c(folio)
=336  \\$atext$2rdacontent
=337  \\$acomputer$2rdamedia
=338  \\$aonline$2rdacarrier
=500  \\$aVerses, signed J. G., i.e. Julian Henry Francis Grenfell.
=650  \0$aWorld War, 1914-1918$xLiterature and the war.
=655  \4$aBook
=859  \\$aXLD$bWW1
=852  4\$cDRT$jDigital Store C.59.h.7.$aBritish Library$bHMNTS
=985  \\$aCorrected by MS generated file for WR# 1805-0738
=CAT  \\$aBATCH-DCW$b00$c20131211$lBLL01$h0648
=CAT  \\$aWR14.046$c20140417$lBLL01$h1725
=CAT  \\$aWR13.144/5$c20140418$lBLL01$h1049
=CAT  \\$a1805-0738$c20181228$lBLL01$h1834
=CAT  \\$a1805-0738$b00$c20181228$lBLL01$h1918
=CAT  \\$aW2001-2376$c20200626$lBLL01$h1829
=FIN  \\$aY$d20131211
=LKR  \\$aPAR$lBLL01$r776$b001345739$mInto Battle. Flanders, April 1915.$nInto Battle. Flanders, April 1915.
=DGM  \\$a001345739$bCatBridge variable field
=DRT  \\$aWW1
=SRC  \\$aWW1$bEuropeana_Collections_1914-1918_20131206_1
=OHC  \\$a1
=LAS  \\$aW2001-2376$b00$c20200626$lBLL01$h1829

