=LDR  01548 am a22004453  4500
=001  016565664
=003  Uk
=005  20200626182921.0
=007  cr\mn\024mpada
=008  880907|1915||||enk\\\\|s\\\\\|||\||eng\\
=FMT  \\$a  BK
=019  x\$a1310760160
=040  \\$aUk$cUk
=100  1\$aGRAVES, Arnold F.
=245  14$aThe Long Retreat, and other doggerel.
=264  \1$aLondon :$bJohn Murray,$c1915.
=300  \\$aviii, 50 pages ;$c(8º)
=336  \\$atext$2rdacontent
=337  \\$acomputer$2rdamedia
=338  \\$aonline$2rdacarrier
=650  \0$aWorld War, 1914-1918$xLiterature and the war.
=655  \4$aBook
=859  \\$aXLD$bWW1
=852  4\$cDRT$jDigital Store 11647.bb.56.$aBritish Library$bHMNTS
=985  \\$aCorrected by MS generated file for WR# 12.037
=985  \\$aEnhanced by MS generated file for WR# 12/139
=985  \\$aCorrected by MS generated file for WR# 1805-0738
=CAT  \\$aBATCH-DCW$b00$c20131211$lBLL01$h0648
=CAT  \\$aWR14.046$c20140417$lBLL01$h1725
=CAT  \\$aWR13.144/5$c20140418$lBLL01$h1049
=CAT  \\$a1805-0738$c20181228$lBLL01$h1834
=CAT  \\$a1805-0738$b00$c20181228$lBLL01$h1918
=CAT  \\$aW2001-2376$c20200626$lBLL01$h1829
=FIN  \\$aY$d20131211
=LKR  \\$aPAR$lBLL01$r776$b001491600$mThe Long Retreat, and other doggerel.$nThe Long Retreat, and other doggerel.
=DGM  \\$a001491600$bCatBridge variable field
=DRT  \\$aWW1
=SRC  \\$aWW1$bEuropeana_Collections_1914-1918_20131206_1
=OHC  \\$a1
=LAS  \\$aW2001-2376$b00$c20200626$lBLL01$h1829

