=LDR  01806 am a22004813  4500
=001  016565671
=003  Uk
=005  20200626182922.0
=007  cr\mn\024mpada
=008  900205|1916||||enk\\\\|s\\\\\|||\||eng\\
=FMT  \\$a  BK
=019  x\$a2812940190
=040  \\$aUk$cUk
=100  1\$aRosenberg, Isaac,$d1890-1918.
=245  10$aMoses. A play. [With "Poems".] Few MS. corrections.
=264  \1$aLondon :$bParagon Printing Works,$c1916.
=300  \\$a26 pages ;$c(16º)
=336  \\$atext$2rdacontent
=337  \\$acomputer$2rdamedia
=338  \\$aonline$2rdacarrier
=650  \0$aWorld War, 1914-1918$xLiterature and the war.
=655  \4$aBook
=859  \\$aXLD$bWW1
=852  4\$cDRT$jDigital Store Cup.402.a.34.$aBritish Library$bHMNTS
=985  \\$aCorrected by BSS-generated file for WR# 11/048
=985  \\$aCorrected by MS generated file for WR# 12.037
=985  \\$aEnhanced by MS generated file for WR# 12/139
=985  \\$aEnhanced by MS generated file for WR# 13/021
=985  \\$aEnhanced by MS generated file for WR# 13/054
=985  \\$aCorrected by MS generated file for WR# 1805-0738
=CAT  \\$aBATCH-DCW$b00$c20131211$lBLL01$h0648
=CAT  \\$aWR14.046$c20140417$lBLL01$h1725
=CAT  \\$aWR13.144/5$c20140418$lBLL01$h1049
=CAT  \\$a1805-0738$c20181228$lBLL01$h1834
=CAT  \\$a1805-0738$b00$c20181228$lBLL01$h1918
=CAT  \\$aW2001-2376$c20200626$lBLL01$h1829
=FIN  \\$aY$d20131211
=LKR  \\$aPAR$lBLL01$r776$b003160161$mMoses. A play. [With "Poems".] Few MS. corrections.$nMoses. A play. [With "Poems".] Few MS. corrections.
=DGM  \\$a003160161$bCatBridge variable field
=DRT  \\$aWW1
=SRC  \\$aWW1$bEuropeana_Collections_1914-1918_20131206_1
=OHC  \\$a1
=LAS  \\$aW2001-2376$b00$c20200626$lBLL01$h1829

