=LDR  01607 am a22004453  4500
=001  016565672
=003  Uk
=005  20131211064830.0
=007  cr\mn\024mpada
=008  980224|1914||||enk\\\\|s\\\\\|||\||eng\\
=FMT  \\$a  BK
=019  x\$a3434030263
=040  \\$aUk$cUk
=100  1\$aWaldstein, Charles,$cSir,$d1856-1927.
=245  10$a1914. [By] C. W. [i.e. Sir Charles Walston.]
=260  \\$aLondon :$bW. Heffer & Sons ;$aCambridge :$bSimpkin, Marshall & Co.,$c[1914]
=300  \\$a28 p. ;$c19 cm.
=336  \\$atext$2rdacontent
=337  \\$acomputer$2rdamedia
=338  \\$aonline$2rdacarrier
=500  \\$aA poem.
=650  \0$aWorld War, 1914-1918$xLiterature and the war.
=655  \4$aBook
=720  \\$aNINETEEN HUNDRED AND FOURTEEN.
=859  \\$aXLD$bWW1
=852  4\$cDRT$jDigital Store 11602.cc.38.(5.)$aBritish Library$bHMNTS
=985  \\$aCorrected by MS generated file for WR# 12.037
=985  \\$aEnhanced by MS generated file for WR# 12/139
=985  \\$aEnhanced by MS generated file for WR# 13/021
=985  \\$aEnhanced by MS generated file for WR# 13/054
=CAT  \\$aBATCH-DCW$b00$c20131211$lBLL01$h0648
=CAT  \\$aWR14.046$c20140417$lBLL01$h1725
=CAT  \\$aWR13.144/5$c20140418$lBLL01$h1049
=FIN  \\$aY$d20131211
=LKR  \\$aPAR$lBLL01$r776$b003833271$m1914. [By] C. W. [i.e. Sir Charles Walston.]$n1914. [By] C. W. [i.e. Sir Charles Walston.]
=DGM  \\$a003833271$bCatBridge variable field
=DRT  \\$aWW1
=SRC  \\$aWW1$bEuropeana_Collections_1914-1918_20131206_1
=OHC  \\$a1
=LAS  \\$aWR13.144/5$b00$c20140418$lBLL01$h1049

