=LDR  01711 am a22004813  4500
=001  016565674
=003  Uk
=005  20200626182922.0
=007  cr\mn\024mpada
=008  901005|1919||||enk\\\\|s\\\\\|||\||eng\\
=FMT  \\$a  BK
=019  x\$a3530850047
=040  \\$aUk$cUk
=100  1\$aWilson, T. P. Cameron$q(Theodore Percival Cameron),$d1888-1918.
=245  10$aMagpies in Picardy.
=264  \1$aLondon :$bPoetry Bookshop,$c1919.
=300  \\$a52 pages ;$c(8º)
=336  \\$atext$2rdacontent
=337  \\$acomputer$2rdamedia
=338  \\$aonline$2rdacarrier
=650  \0$aWorld War, 1914-1918$xLiterature and the war.
=655  \4$aBook
=859  \\$aXLD$bWW1
=852  4\$cDRT$jDigital Store 11646.h.68.$aBritish Library$bHMNTS
=985  \\$aCorrected by MS generated file for WR# 12.037
=985  \\$aEnhanced by MS generated file for WR# 12/139
=985  \\$aEnhanced by MS generated file for WR# 13/021
=985  \\$aEnhanced by MS generated file for WR# 13/054
=985  \\$aCorrected by MS generated file for WR# 1805-0738
=CAT  \\$aBATCH-DCW$b00$c20131211$lBLL01$h0648
=CAT  \\$aWR14.046$c20140417$lBLL01$h1725
=CAT  \\$aWR13.144/5$c20140418$lBLL01$h1049
=CAT  \\$a1805-0738$c20181228$lBLL01$h1834
=CAT  \\$a1805-0738$b00$c20181228$lBLL01$h1918
=CAT  \\$aW2001-2376$c20200626$lBLL01$h1829
=CAT  \\$aBATCH-UPD$b00$c20210506$lBLL01$h2033
=FIN  \\$aY$d20131211
=LKR  \\$aPAR$lBLL01$r776$b003947117$mMagpies in Picardy.$nMagpies in Picardy.
=DGM  \\$a003947117$bCatBridge variable field
=DRT  \\$aWW1
=SRC  \\$aWW1$bEuropeana_Collections_1914-1918_20131206_1
=OHC  \\$a1
=LAS  \\$aBATCH-UPD$b00$c20210506$lBLL01$h2033

