=LDR  01546 am a2200421 a 4500
=001  016565675
=003  Uk
=005  20131211064830.0
=007  cr\mn\024mpada
=008  081223s1914\\\\enk\\\\\s\\\\\000\p\eng\\
=FMT  \\$a  BK
=040  \\$aUk$beng$cUk
=042  \\$aukblsr
=100  1\$aForster, R. H.$q(Robert Henry),$d1867-1923.
=245  10$aWar poems of a Northumbrian$cby R. H. Forster. Published for the benefit of the Duke of Northumberland's County Relief Fund.
=260  \\$aNewcastle-on-Tyne :$bEdward J. Noble,$c1914.
=300  \\$a32 p. ;$c23 cm.
=336  \\$atext$2rdacontent
=337  \\$acomputer$2rdamedia
=338  \\$aonline$2rdacarrier
=500  \\$aWith a half-title.
=650  \0$aEnglish poetry$y20th century
=650  \0$aWorld War, 1914-1918$xLiterature and the war.
=655  \4$aBook
=859  \\$aXLD$bWW1
=852  4\$cDRT$jDigital Store RB.23.a.32900$aBritish Library$bHMNTS
=985  \\$a100=new GK55=Forster, Robert Henry. Date of birth given in LC record as 1867.
=985  \\$aCorrected by MS generated file for WR# 12.037
=CAT  \\$aBATCH-DCW$b00$c20131211$lBLL01$h0648
=CAT  \\$aWR14.046$c20140417$lBLL01$h1725
=CAT  \\$aWR13.144/5$c20140418$lBLL01$h1049
=FIN  \\$aY$d20131211
=LKR  \\$aPAR$lBLL01$r776$b014864197$mWar poems of a Northumbrian$nWar poems of a Northumbrian
=DGM  \\$a014864197$bCatBridge variable field
=DRT  \\$aWW1
=SRC  \\$aWW1$bEuropeana_Collections_1914-1918_20131206_1
=OHC  \\$a1
=LAS  \\$aWR13.144/5$b00$c20140418$lBLL01$h1049

