=LDR  02180 am a22004453  4500
=001  016566569
=003  Uk
=005  20131213011256.0
=007  cr\mn\024mpada
=008  890524|1916||||un\\\\\|s\\\\\|||\||pol\\
=FMT  \\$a  BK
=019  x\$a1890270059
=040  \\$aUk$cUk
=100  1\$aŁEMPICKI, Stanisław,$cand FISCHER (Adam) Professor at the University of Leopol.
=245  10$aPolska pieśń wojenna. Antologia poezyi polskiej z roku Wielkiej Wojny. Staraniem Lwowskiej Delagacyi Naczeln. Komitetu Narodowego wydali ... S. Łempicki i ... A. Fischer.
=260  \\$aLwów :$bnakładem Księgarni Polskiej Bernarda Połonieckiego,$c1916.
=300  \\$aviii, 311 p. ;$c21 cm.
=336  \\$atext$2rdacontent
=337  \\$acomputer$2rdamedia
=338  \\$aonline$2rdacarrier
=650  \0$aWorld War, 1914-1918$xLiterature and the war
=650  \0$aWorld War, 1914-1918$zPoland
=700  1\$aFISCHER, Adam,$cProfessor at the University of Leopol.
=859  \\$aXLD$bWW1
=886  2\$2blmarc$a709$b00$aFISCHER$hAdam$fProfessor at the University of Leopol$pX.989/8175.$x109152033X
=852  4\$cDRT$jDigital Store X.989/8175.$aBritish Library$bHMNTS
=985  \\$aCorrected by MS generated file for WR# 12.037
=985  \\$aEnhanced by MS generated file for WR# 12/139
=985  \\$aEnhanced by MS generated file for WR# 13/021
=985  \\$aEnhanced by MS generated file for WR# 13/054
=CAT  \\$aBATCH-DCW$b00$c20131213$lBLL01$h0112
=CAT  \\$aWR14.046$c20140417$lBLL01$h1725
=CAT  \\$aWR13.144/5$c20140418$lBLL01$h1049
=FIN  \\$aY$d20131213
=LKR  \\$aPAR$lBLL01$r776$b002128774$mPolska pieśń wojenna. Antologia poezyi polskiej z roku Wielkiej Wojny. Staraniem Lwowskiej Delagacyi Naczeln. Komitetu Narodowego wydali ... S. Łempicki i ... A. Fischer.$nPolska pieśń wojenna. Antologia poezyi polskiej z roku Wielkiej Wojny. Staraniem Lwowskiej Delagacyi Naczeln. Komitetu Narodowego wydali ... S. Łempicki i ... A. Fischer.
=DGM  \\$a002128774$bCatBridge variable field
=DRT  \\$aWW1
=SRC  \\$aWW1$bEuropeana_Collections_1914-1918_20131213_corr
=OHC  \\$a1
=LAS  \\$aWR13.144/5$b00$c20140418$lBLL01$h1049

