=LDR  01648 cm a2200505ua 4500
=001  016586290
=003  Uk
=005  20131218134131.0
=007  cr\mn\024mpada
=008  940601s1918\\\\xxu|||\|s||||||||\\\\\\\\
=FMT  \\$a  MU
=019  3\$amu9452547
=020  \\$cNo price
=028  22$a643-2$bJerome H. Remick & Co.
=040  \\$aUk$cUk
=082  04$a786.218846$220
=084  \\$aQPHW$2bcmc
=100  1\$aWhiting, Richard A.,$d1891-1938.
=245  10$aTill we meet again :$bwaltz.
=260  \\$aNew York ;$aDetroit :$bJerome H. Remick & Co.,$cc1918.
=300  \\$a3 p. ;$c31 cm.
=336  \\$anotated music$2rdacontent
=337  \\$acomputer$2rdamedia
=338  \\$aonline$2rdacarrier
=500  \\$aFor piano.
=500  \\$aPl. no. 643-2.
=653  \\$aWaltzes for piano solo
=859  \\$aXLD$bWW1
=852  4\$cDRT$jDigital Store g.1718.t.(47.)$aBritish Library$bMUSIC
=957  \\$ac181223
=957  \\$ac190509
=985  \\$aCorrected by MS generated file for WR# 12.037
=CAT  \\$aBATCH-DCW$b00$c20131218$lBLL01$h1341
=CAT  \\$aWR14.046$c20140417$lBLL01$h1725
=CAT  \\$aWR13.144/5$c20140418$lBLL01$h1049
=CAT  \\$aBATCH-DCW$b00$c20141018$lBLL01$h1802
=CAT  \\$aBATCH-DCW$b00$c20141018$lBLL01$h1843
=FIN  \\$aY$d20131218
=LKR  \\$aPAR$lBLL01$r776$b005280240$mTill we meet again : waltz.$nTill we meet again : waltz.
=DGM  \\$a005280240$bCatBridge variable field
=DRT  \\$aWW1
=SRC  \\$aWW1$bEuropeana_Collections_1914-1918_20131209_1
=SRC  \\$aWW1$bEuropeana_Collections_1914-1918_20140601_muscorr
=OHC  \\$a2
=LAS  \\$aBATCH-DCW$b00$c20141018$lBLL01$h1843

