=LDR  02623 am a22005413  4500
=001  016586291
=003  Uk
=005  20201017094611.0
=007  cr\mn\024mpada
=008  870813|1905|||||||\\\\|s\\\\||||\||rus\\
=FMT  \\$a  BK
=019  x\$a0010020160
=040  \\$aUk$cUk
=245  10$aЧто̀ такое Анархизмъ? Составлено А----мъ по Эльцбахеру и другимъ источникамъ. Съ заключительной замѣткой В. Черткова..
=264  \1$aChristchurch, Hants :$bA. Tchertkoff,$c1905.
=300  \\$a72 pages ;$c(8º)
=336  \\$atext$2rdacontent
=337  \\$acomputer$2rdamedia
=338  \\$aonline$2rdacarrier
=700  1\$aCHERTKOV, Vladimir Grigor'evich.
=700  1\$aELTZBACHER, Paul.
=720  \\$aA-.$emain entry
=720  \\$aANARCHISM
=859  \\$aXLD$bWW1
=886  2\$2blmarc$a709$b00$aANARCHISM$p08275.a.19.(3.)$x0073760064
=886  2\$2blmarc$a709$b00$aCHERTKOV$hVladimir Grigor'evich$p08275.a.19.(3.)$x0602570182
=886  2\$2blmarc$a709$b00$aELTZBACHER$hPaul$p08275.a.19.(3.)$x0941100073
=883  0\$aLanguage codes assigned by Bayesian analysis of words present in record$d20200826$qUk$c0.9919
=852  4\$cDRT$jDigital Store 08275.a.19.(3.)$aBritish Library$bHMNTS
=985  \\$aCorrected by MS generated file for WR# 11/211
=985  \\$aCorrected by MS generated file for WR# 1805-0738
=985  \\$aUpgraded by BSS-generated file for WR2009-0365
=CAT  \\$aBATCH-DCW$b00$c20131218$lBLL01$h1341
=CAT  \\$aWR14.046$c20140417$lBLL01$h1725
=CAT  \\$aWR13.144/5$c20140418$lBLL01$h1049
=CAT  \\$aBATCH-RIGH$c20170607$lBLL01$h1816
=CAT  \\$aR1706-1834$c20170629$lBLL01$h1227
=CAT  \\$a1805-0738$c20181228$lBLL01$h1836
=CAT  \\$a1805-0738$b00$c20181228$lBLL01$h1920
=CAT  \\$aW2001-2376$c20200626$lBLL01$h1833
=CAT  \\$aW2009-0365$b00$c20201017$lBLL01$h0946
=FIN  \\$aY$d20131218
=LKR  \\$aPAR$lBLL01$r776$b000000021$mЧто̀ такое Анархизмъ? Составлено А----мъ по Эльцбахеру и другимъ источникамъ. Съ заключительной замѣткой В. Черткова..$nЧто̀ такое Анархизмъ? Составлено А----мъ по Эльцбахеру и другимъ источникамъ. Съ заключительной замѣткой В. Черткова..
=DGM  \\$a000000021$bCatBridge variable field
=DRT  \\$aWW1
=SRC  \\$aWW1$bEuropeana_Collections_1914-1918_20131209_1
=OHC  \\$a1
=LAS  \\$aW2009-0365$b00$c20201017$lBLL01$h0946

