=LDR  01998 am a22005053  4500
=001  016586297
=003  Uk
=005  20200626183315.0
=007  cr\mn\024mpada
=008  880726|1926||||enk\\\\|s\\\\o|||\||eng\\
=FMT  \\$a  BK
=019  x\$a0964430185
=040  \\$aUk$cUk
=110  1\$aGreat Britain.$bArmy.$bDivision, 40th.
=245  10$aHistory of the 40th Division. By Lieut.-Col. F. E. Whitton. [With plates and maps.]
=264  \1$aAldershot :$bGale & Polden,$c1926.
=300  \\$a315 pages ;$c(8º)
=336  \\$atext$2rdacontent
=337  \\$acomputer$2rdamedia
=338  \\$aonline$2rdacarrier
=650  \0$aRegimental histories
=655  \4$aBook
=700  1\$aWHITTON, Frederick Ernest.
=859  \\$aXLD$bWW1
=886  2\$2blmarc$a709$b00$aWHITTON$hFrederick Ernest$p09084.aaa.39.$x3502110042
=852  4\$cDRT$jDigital Store 09084.aaa.39.$aBritish Library$bHMNTS
=985  \\$aCorrected by BSS-generated file for WR# 08/145
=985  \\$aCorrected by BSS-generated file for WR# 11/211
=985  \\$aEnhanced by MS generated file for WR# 12/139
=985  \\$aEnhanced by MS generated file for WR# 13/021
=985  \\$aEnhanced by MS generated file for WR# 13/054
=985  \\$aCorrected by MS generated file for WR# 1805-0738
=CAT  \\$aBATCH-DCW$b00$c20131218$lBLL01$h1341
=CAT  \\$aWR14.046$c20140417$lBLL01$h1725
=CAT  \\$aWR13.144/5$c20140418$lBLL01$h1049
=CAT  \\$a1805-0738$c20181228$lBLL01$h1836
=CAT  \\$a1805-0738$b00$c20181228$lBLL01$h1920
=CAT  \\$aW2001-2376$c20200626$lBLL01$h1833
=FIN  \\$aY$d20131218
=LKR  \\$aPAR$lBLL01$r776$b001094777$mHistory of the 40th Division. By Lieut.-Col. F. E. Whitton. [With plates and maps.]$nHistory of the 40th Division. By Lieut.-Col. F. E. Whitton. [With plates and maps.]
=DGM  \\$a001094777$bCatBridge variable field
=DRT  \\$aWW1
=SRC  \\$aWW1$bEuropeana_Collections_1914-1918_20131209_1
=OHC  \\$a1
=LAS  \\$aW2001-2376$b00$c20200626$lBLL01$h1833

