=LDR  02015 am a22004933  4500
=001  016586298
=003  Uk
=005  20200626183315.0
=007  cr\mn\024mpada
=008  880726|1921||||enk\\\\|s\\\\o|||\||eng\\
=FMT  \\$a  BK
=019  x\$a0964450011
=040  \\$aUk$cUk
=110  1\$aGreat Britain.$bArmy.$bEast African Force.
=245  14$aThe East African Force, 1915-1919 ... By Brigadier-General C. P. Fendall ... With ... photographs and a map.
=264  \1$aLondon :$bH. F. & G. Witherby,$c1921.
=300  \\$a238 pages ;$c(8º)
=336  \\$atext$2rdacontent
=337  \\$acomputer$2rdamedia
=338  \\$aonline$2rdacarrier
=650  \0$aWorld War, 1914-1918$xCampaigns$zAfrica
=655  \4$aBook
=700  1\$aFENDALL, Charles Pears.
=859  \\$aXLD$bWW1
=886  2\$2blmarc$a709$b00$aFENDALL$hCharles Pears$p09084.b.37.$x1070640220
=852  4\$cDRT$jDigital Store 09084.b.37.$aBritish Library$bHMNTS
=985  \\$aCorrected by BSS-generated file for WR# 08/145
=985  \\$aCorrected by BSS-generated file for WR# 11/211
=985  \\$aEnhanced by MS generated file for WR# 12/139
=985  \\$aCorrected by MS generated file for WR# 1805-0738
=CAT  \\$aBATCH-DCW$b00$c20131218$lBLL01$h1341
=CAT  \\$aWR14.046$c20140417$lBLL01$h1725
=CAT  \\$aWR13.144/5$c20140418$lBLL01$h1049
=CAT  \\$a8871$b40$c20140515$lBLL01$h1721
=CAT  \\$a1805-0738$c20181228$lBLL01$h1836
=CAT  \\$a1805-0738$b00$c20181228$lBLL01$h1920
=CAT  \\$aW2001-2376$c20200626$lBLL01$h1833
=FIN  \\$aY$d20131218
=LKR  \\$aPAR$lBLL01$r776$b001094809$mThe East African Force, 1915-1919 ... By Brigadier-General C. P. Fendall ... With ... photographs and a map.$nThe East African Force, 1915-1919 ... By Brigadier-General C. P. Fendall ... With ... photographs and a map.
=DGM  \\$a001094809$bCatBridge variable field
=DRT  \\$aWW1
=SRC  \\$aWW1$bEuropeana_Collections_1914-1918_20131209_1
=OHC  \\$a1
=LAS  \\$aW2001-2376$b00$c20200626$lBLL01$h1833

