=LDR  01426 am a22004213  4500
=001  016586302
=003  Uk
=005  20131218134142.0
=007  cr\mn\024mpada
=008  890817|1914||||wlk\\\\|s\\\\\|||\||eng\\
=FMT  \\$a  BK
=019  x\$a2361760045
=040  \\$aUk$cUk
=100  1\$aNicholas, T. E.$q(Thomas Evan)
=245  10$a"Cerddi rhyddid.".
=260  \\$aAbertawe :$bThomas & Parry,$c1914.
=300  \\$a120 p., plate ;$c19 cm.
=336  \\$atext$2rdacontent
=337  \\$acomputer$2rdamedia
=338  \\$aonline$2rdacarrier
=650  \0$aWorld War, 1914-1918$xLiterature and the war.
=655  \4$aBook
=859  \\$aXLD$bWW1
=852  4\$cDRT$jDigital Store X.908/39340.$aBritish Library$bHMNTS
=985  \\$aCorrected by MS generated file for WR# 12.037
=985  \\$aEnhanced by MS generated file for WR# 12/139
=985  \\$aEnhanced by MS generated file for WR# 13/021
=985  \\$aEnhanced by MS generated file for WR# 13/054
=CAT  \\$aBATCH-DCW$b00$c20131218$lBLL01$h1341
=CAT  \\$aWR14.046$c20140417$lBLL01$h1725
=CAT  \\$aWR13.144/5$c20140418$lBLL01$h1049
=FIN  \\$aY$d20131218
=LKR  \\$aPAR$lBLL01$r776$b002648579$m"Cerddi rhyddid.".$n"Cerddi rhyddid.".
=DGM  \\$a002648579$bCatBridge variable field
=DRT  \\$aWW1
=SRC  \\$aWW1$bEuropeana_Collections_1914-1918_20131209_1
=OHC  \\$a1
=LAS  \\$aWR13.144/5$b00$c20140418$lBLL01$h1049

