=LDR  02544 am a22005533  4500
=001  016586303
=003  Uk
=005  20200626183315.0
=007  cr\mn\024mpada
=008  891121|1918||||enk\\\\|s\\\\\|||\||eng\\
=FMT  \\$a  BK
=019  x\$a2623080011
=040  \\$aUk$cUk
=100  1\$aPonsonby, Arthur Ponsonby,$cBaron,$d1871-1946.
=245  10$aPeace Overtures and Their Rejection, December, 1916-March, 1918. (A Misrepresentation Exposed. Sequel to "Peace Overtures and Their Rejection.").
=264  \1$aLondon,$c[1918]
=300  \\$a2 parts ;$c(8º)
=336  \\$atext$2rdacontent
=337  \\$acomputer$2rdamedia
=338  \\$aonline$2rdacarrier
=490  0\$a[Union of Democratic Control. Pamphlet no. 27a, 28a.]
=650  \0$aWorld War, 1914-1918$xMoral and ethical aspects.
=655  \4$aPamphlet
=700  1\$aMOREL, Edmund Dene,$cpseud. [i.e. George Edmond Pierre Achille Morel de Ville.]
=859  \\$aXLD$bWW1
=886  2\$2blmarc$a709$b00$aMOREL$hEdmund Dene$fpseud. [i.e. George Edmond Pierre Achille Morel de Ville.]$p08008.bb.51/27a.$x226313025X
=852  4\$cDRT$jDigital Store 08008.bb.51/27a.$aBritish Library$bHMNTS
=985  \\$aCorrected by BSS-generated file for WR# 11/211
=985  \\$aCorrected by MS generated file for WR# 12.037
=985  \\$aEnhanced by MS generated file for WR# 12/139
=985  \\$aEnhanced by MS generated file for WR# 13/021
=985  \\$aEnhanced by MS generated file for WR# 13/054
=985  \\$aCorrected by MS generated file for WR# 1805-0738
=CAT  \\$aBATCH-DCW$b00$c20131218$lBLL01$h1341
=CAT  \\$aWR14.046$c20140417$lBLL01$h1725
=CAT  \\$aWR13.144/5$c20140418$lBLL01$h1049
=CAT  \\$a5100$b40$c20140422$lBLL01$h0846
=CAT  \\$aBATCH-RIGH$c20170607$lBLL01$h1816
=CAT  \\$aR1706-1834$c20170629$lBLL01$h1227
=CAT  \\$a1805-0738$c20181228$lBLL01$h1836
=CAT  \\$a1805-0738$b00$c20181228$lBLL01$h1920
=CAT  \\$aW2001-2376$c20200626$lBLL01$h1833
=FIN  \\$aY$d20131218
=LKR  \\$aPAR$lBLL01$r776$b002954531$mPeace Overtures and Their Rejection, December, 1916-March, 1918. (A Misrepresentation Exposed. Sequel to "Peace Overtures and Their Rejection.").$nPeace Overtures and Their Rejection, December, 1916-March, 1918. (A Misrepresentation Exposed. Sequel to "Peace Overtures and Their Rejection.").
=DGM  \\$a002954531$bCatBridge variable field
=DRT  \\$aWW1
=SRC  \\$aWW1$bEuropeana_Collections_1914-1918_20131209_1
=OHC  \\$a1
=LAS  \\$aW2001-2376$b00$c20200626$lBLL01$h1833

