=LDR  01679 am a22004693  4500
=001  016586307
=003  Uk
=005  20200626183315.0
=007  cr\mn\024mpada
=008  900620|1917||||enk\\\\|s\\\\\|||\||eng\\
=FMT  \\$a  BK
=019  x\$a3254840348
=040  \\$aUk$cUk
=100  1\$aThurston, E. Temple$q(Ernest Temple),$d1879-1933.
=245  10$aSummer 1917, and other verses.
=264  \1$aLondon :$bChapman & Hall,$c1917.
=300  \\$a68 pages ;$c(8º)
=336  \\$atext$2rdacontent
=337  \\$acomputer$2rdamedia
=338  \\$aonline$2rdacarrier
=650  \0$aWorld War, 1914-1918$xLiterature and the war.
=655  \4$aBook
=859  \\$aXLD$bWW1
=852  4\$cDRT$jDigital Store 011652.i.134.$aBritish Library$bHMNTS
=985  \\$aCorrected by MS generated file for WR# 12.037
=985  \\$aEnhanced by MS generated file for WR# 12/139
=985  \\$aEnhanced by MS generated file for WR# 13/021
=985  \\$aEnhanced by MS generated file for WR# 13/054
=985  \\$aCorrected by MS generated file for WR# 1805-0738
=CAT  \\$aBATCH-DCW$b00$c20131218$lBLL01$h1341
=CAT  \\$aWR14.046$c20140417$lBLL01$h1725
=CAT  \\$aWR13.144/5$c20140418$lBLL01$h1049
=CAT  \\$a1805-0738$c20181228$lBLL01$h1836
=CAT  \\$a1805-0738$b00$c20181228$lBLL01$h1920
=CAT  \\$aW2001-2376$c20200626$lBLL01$h1833
=FIN  \\$aY$d20131218
=LKR  \\$aPAR$lBLL01$r776$b003634373$mSummer 1917, and other verses.$nSummer 1917, and other verses.
=DGM  \\$a003634373$bCatBridge variable field
=DRT  \\$aWW1
=SRC  \\$aWW1$bEuropeana_Collections_1914-1918_20131209_1
=OHC  \\$a1
=LAS  \\$aW2001-2376$b00$c20200626$lBLL01$h1833

