=LDR  01503 am a2200409uu 4500
=001  016586309
=003  Uk
=005  20131218134143.0
=007  cr\mn\024mpada
=008  040419s1915\\\\xx\\\\\|s\\\\\000\||eng\\
=FMT  \\$a  BK
=019  u\$aG10550289
=040  \\$aUk$cUk
=100  1\$aCaine, Hall,$d1853-1931.
=245  14$aThe drama of three hundred and sixty-five days :$bScenes in the Great War /$cHall Caine.
=260  \\$a[S.l.] :$bWilliam Heinemann,$c1915.
=336  \\$atext$2rdacontent
=337  \\$acomputer$2rdamedia
=338  \\$aonline$2rdacarrier
=650  \0$aWorld War, 1914-1918$xLiterature and the war.
=655  \4$aBook
=859  \\$aXLD$bWW1
=852  4\$cDRT$jDigital Store W17/2423$aBritish Library$bDSC
=985  \\$aCorrected by MS generated file for WR# 12.037
=CAT  \\$aBATCH-DCW$b00$c20131218$lBLL01$h1341
=CAT  \\$aWR14.046$c20140417$lBLL01$h1725
=CAT  \\$aWR13.144/5$c20140418$lBLL01$h1049
=CAT  \\$aBATCH-RIGH$c20170607$lBLL01$h1816
=CAT  \\$aR1706-1834$c20170629$lBLL01$h1227
=CAT  \\$a5100$b40$c20190108$lBLL01$h0711
=FIN  \\$aY$d20131218
=LKR  \\$aPAR$lBLL01$r776$b009578328$mThe drama of three hundred and sixty-five days : Scenes in the Great War /$nThe drama of three hundred and sixty-five days : Scenes in the Great War /
=DGM  \\$a009578328$bCatBridge variable field
=DRT  \\$aWW1
=SRC  \\$aWW1$bEuropeana_Collections_1914-1918_20131209_1
=OHC  \\$a1
=LAS  \\$a5100$b40$c20190108$lBLL01$h0711

