=LDR  04638 as a2201081 a 4500
=001  016586310
=003  Uk
=005  20131218134143.0
=007  cr\mn\024mpada
=007  ta
=008  871217d19171919enkwr\p\s\\\\o00\\a0eng\\
=FMT  \\$a  SE
=019  c\$a2254771
=019  x\$a0142300187
=040  \\$aUk$cUk$dUk
=082  04$a940.41294$223
=245  00$aAnzac bulletin.
=260  \\$aLondon :$bBy authority of the High Commissioner for Australia,$c1917-1919.
=300  \\$av. :$bill. ;$c28 cm.
=336  \\$atext$2rdacontent
=337  \\$acomputer$2rdamedia
=338  \\$aonline$2rdacarrier
=500  \\$aIssued to members of the Australian military and naval forces in Great Britain, France and elsewhere.
=540  \\$aCurrent copyright fee: GBP12.00$c0$5Uk
=650  \0$aWorld War, 1914-1918$zAustralia$vPeriodicals.
=655  \4$aTrench journal
=710  1\$aAustralia.$bAustralian Army.
=859  \\$aXLD$bWW1
=852  4\$cDRT$jDigital Store P.P.4039.wdb.$aBritish Library$bHMNTS$3No. 1 (10 Jan. 1917)-no. 129 (27 June 1919)
=945  \\$aAnzac bulletin.
=963  \\$aNO. 78, 1918 *A=1; 80, 1918- 95, 1918 *A=1$bN$cWRB.436
=979  \\$aBritish Library$bDSC$j1566.890000N
=985  \\$aCorrected by BSS-generated file for WR# 11/211
=985  \\$aCorrected by MS generated file for WR# 12.037
=985  \\$aEnhanced by MS generated file for WR# 12/139
=985  \\$aEnhanced by MS generated file for WR# 13/021
=CAT  \\$aBATCH-DCW$b00$c20131218$lBLL01$h1341
=CAT  \\$aBATCH-DCW$b00$c20131218$lBLL01$h1406
=CAT  \\$aBATCH-DCW$b00$c20131218$lBLL01$h1413
=CAT  \\$aBATCH-DCW$b00$c20131218$lBLL01$h1420
=CAT  \\$aBATCH-DCW$b00$c20131218$lBLL01$h1427
=CAT  \\$aBATCH-DCW$b00$c20131218$lBLL01$h1433
=CAT  \\$aBATCH-DCW$b00$c20131218$lBLL01$h1440
=CAT  \\$aBATCH-DCW$b00$c20131218$lBLL01$h1502
=CAT  \\$aBATCH-DCW$b00$c20131218$lBLL01$h1509
=CAT  \\$aBATCH-DCW$b00$c20131218$lBLL01$h1515
=CAT  \\$aBATCH-DCW$b00$c20131218$lBLL01$h1522
=CAT  \\$aBATCH-DCW$b00$c20131218$lBLL01$h1529
=CAT  \\$aBATCH-DCW$b00$c20131218$lBLL01$h1535
=CAT  \\$aBATCH-DCW$b00$c20131218$lBLL01$h1542
=CAT  \\$aBATCH-DCW$b00$c20131218$lBLL01$h1549
=CAT  \\$aBATCH-DCW$b00$c20131218$lBLL01$h1556
=CAT  \\$aBATCH-DCW$b00$c20140120$lBLL01$h0058
=CAT  \\$aBATCH-DCW$b00$c20140120$lBLL01$h0221
=CAT  \\$aBATCH-DCW$b00$c20140120$lBLL01$h0234
=CAT  \\$aBATCH-DCW$b00$c20140120$lBLL01$h1656
=CAT  \\$aBATCH-DCW$b00$c20140120$lBLL01$h1712
=CAT  \\$aWR14.046$c20140417$lBLL01$h1725
=CAT  \\$aWR13.144/5$c20140418$lBLL01$h1049
=CAT  \\$aBATCH-DCW$b00$c20151231$lBLL01$h1304
=CAT  \\$aBATCH-DCW$b00$c20151231$lBLL01$h1406
=CAT  \\$aBATCH-DCW$b00$c20151231$lBLL01$h1705
=FIN  \\$aY$d20131218
=LKR  \\$aPAR$lBLL01$r776$b000146826$mAnzac bulletin.$nAnzac bulletin.
=DGM  \\$a000146826$bCatBridge variable field
=DRT  \\$aWW1
=SRC  \\$aWW1$bEuropeana_Collections_1914-1918_20131209
=SRC  \\$aWW1$bEuropeana_Collections_1914-1918_20131209_1
=SRC  \\$aWW1$bEuropeana_Collections_1914-1918_20131209_2
=SRC  \\$aWW1$bEuropeana_Collections_1914-1918_20131209_3
=SRC  \\$aWW1$bEuropeana_Collections_1914-1918_20131209_4
=SRC  \\$aWW1$bEuropeana_Collections_1914-1918_20131209_5
=SRC  \\$aWW1$bEuropeana_Collections_1914-1918_20131209_6
=SRC  \\$aWW1$bEuropeana_Collections_1914-1918_20131209_7
=SRC  \\$aWW1$bEuropeana_Collections_1914-1918_20131209_8
=SRC  \\$aWW1$bEuropeana_Collections_1914-1918_20131209_9
=SRC  \\$aWW1$bEuropeana_Collections_1914-1918_20131211
=SRC  \\$aWW1$bEuropeana_Collections_1914-1918_20131211_1
=SRC  \\$aWW1$bEuropeana_Collections_1914-1918_20131211_2
=SRC  \\$aWW1$bEuropeana_Collections_1914-1918_20131211_3
=SRC  \\$aWW1$bEuropeana_Collections_1914-1918_20131211_4
=SRC  \\$aWW1$bEuropeana_Collections_1914-1918_20131211_5
=SRC  \\$aWW1$bEuropeana_Collections_1914-1918_20131211_6
=SRC  \\$aWW1$bEuropeana_Collections_1914-1918_20131211_7
=SRC  \\$aWW1$bEuropeana_Collections_1914-1918_20131211_8
=SRC  \\$aWW1$bEuropeana_Collections_1914-1918_20131211_9
=SRC  \\$aWW1$bEuropeana_Collections_1914-1918_20131219
=SRC  \\$aWW1$bEuropeana_Collections_1914-1918_20140113
=SRC  \\$aWW1$bEuropeana_Collections_1914-1918_20140114
=SRC  \\$aWW1$bEuropeana_Collections_1914-1918_20140508
=SRC  \\$aWW1$bEuropeana_Collections_1914-1918_20151231
=OHC  \\$a1
=LAS  \\$aBATCH-DCW$b00$c20151231$lBLL01$h1705

