=LDR  03259 as a2200793 a 4500
=001  016586311
=003  Uk
=005  20131218134143.0
=007  cr\mn\024mpada
=007  ta
=008  871217d19181919fr\mr\p\s\\\\o00\\a0eng\\
=FMT  \\$a  SE
=019  c\$a2254821
=019  x\$a0142300209
=040  \\$aUk$cUk$dUk
=082  04$a940.48394
=245  00$aAussie :$bthe Australian soldiers' magazine.
=264  \1$aFletre, France :$bAustralian Imperial Force,$c1918-1919.
=300  \\$av :$billustrations ;$c(8º)
=336  \\$atext$2rdacontent
=337  \\$acomputer$2rdamedia
=338  \\$aonline$2rdacarrier
=340  \\$m8vo$2rdabf
=362  0\$aNo. 1 (Jan. 18, 1918)-no. 13 (Apr. 1919)
=500  \\$a"Printed in the field by the A.I.F. Printing Section".
=500  \\$aWritten and illustrated by members of the Australian Imperial Force.
=540  \\$aCurrent copyright fee: GBP12.00$c0$5Uk
=610  10$aAustralia.$bAustralian Army.$bAustralian Imperial Force (1914-1921)$vPeriodicals.
=650  \0$aWorld War, 1914-1918$xCampaigns$zWestern Front.
=655  \4$aTrench journal
=710  1\$aAustralia.$bAustralian Army.$bAustralian Imperial Force (1914-1921).
=859  \\$aXLD$bWW1
=852  4\$cDRT$jDigital Store P.P.4039.wdc.(6.)$aBritish Library$bHMNTS
=945  \\$aAussie.
=963  \\$aNO. 1, 1918- 13, 1919 *A=1$bN$cL537.C.1
=979  \\$aBritish Library$bDSC$j1792.975000N
=985  \\$aCorrected by MS generated file for WR# 12.037
=985  \\$aEnhanced by MS generated file for WR# 13/021
=985  \\$aCorrected by MS generated file for WR# 1805-0738
=CAT  \\$aBATCH-DCW$b00$c20131218$lBLL01$h1341
=CAT  \\$aBATCH-DCW$b00$c20131218$lBLL01$h1352
=CAT  \\$aBATCH-DCW$b00$c20131218$lBLL01$h1359
=CAT  \\$aBATCH-DCW$b00$c20131218$lBLL01$h1406
=CAT  \\$aBATCH-DCW$b00$c20131218$lBLL01$h1413
=CAT  \\$aBATCH-DCW$b00$c20131218$lBLL01$h1420
=CAT  \\$aBATCH-DCW$b00$c20131218$lBLL01$h1427
=CAT  \\$aBATCH-DCW$b00$c20131218$lBLL01$h1433
=CAT  \\$aBATCH-DCW$b00$c20131218$lBLL01$h1440
=CAT  \\$aBATCH-DCW$b00$c20140120$lBLL01$h1656
=CAT  \\$aWR14.046$c20140417$lBLL01$h1725
=CAT  \\$aWR13.144/5$c20140418$lBLL01$h1049
=CAT  \\$a1805-0738$c20181228$lBLL01$h1836
=CAT  \\$a1805-0738$b00$c20181228$lBLL01$h1920
=FIN  \\$aY$d20131218
=LKR  \\$aPAR$lBLL01$r776$b000146827$mAussie : the Australian soldiers' magazine.$nAussie : the Australian soldiers' magazine.
=DGM  \\$a000146827$bCatBridge variable field
=DRT  \\$aWW1
=SRC  \\$aWW1$bEuropeana_Collections_1914-1918_20131209
=SRC  \\$aWW1$bEuropeana_Collections_1914-1918_20131209_1
=SRC  \\$aWW1$bEuropeana_Collections_1914-1918_20131209_2
=SRC  \\$aWW1$bEuropeana_Collections_1914-1918_20131209_3
=SRC  \\$aWW1$bEuropeana_Collections_1914-1918_20131209_4
=SRC  \\$aWW1$bEuropeana_Collections_1914-1918_20131209_5
=SRC  \\$aWW1$bEuropeana_Collections_1914-1918_20131209_6
=SRC  \\$aWW1$bEuropeana_Collections_1914-1918_20131209_7
=SRC  \\$aWW1$bEuropeana_Collections_1914-1918_20131209_8
=SRC  \\$aWW1$bEuropeana_Collections_1914-1918_20131209_9
=OHC  \\$a1
=LAS  \\$a1805-0738$b00$c20181228$lBLL01$h1920

