=LDR  03180 as a2200805 a 4500
=001  016586312
=003  Uk
=005  20131218134143.0
=007  cr\mn\024mpada
=007  ta
=008  871217d19161917fr\uu\p\s\\\\o00\\a0eng\\
=FMT  \\$a  SE
=019  c\$a2254841
=019  x\$a0142310018
=040  \\$aUk$cUk$dUk
=082  04$a940.40994
=245  05$aThe rising sun.
=260  \\$aFrance :$bAnzac Press,$c1916-1917.
=300  \\$av. :$bill. ;$c21 cm.
=336  \\$atext$2rdacontent
=337  \\$acomputer$2rdamedia
=338  \\$aonline$2rdacarrier
=362  0\$aNo. 1 (Dec. 25th, 1916)-no. 19 (Mar. 24th, 1917)
=500  \\$a"A journal of the A.I.F. France."
=500  \\$aPublished in the field.
=540  \\$aCurrent copyright fee: GBP12.00$c0$5Uk
=610  10$aAustralia.$bAustralian Army.$bAustralian Imperial Force (1914-1921)$vPeriodicals.
=650  \0$aWorld War, 1914-1918.
=655  \4$aTrench journal
=710  1\$aAustralia.$bAustralian Army.$bAustralian Imperial Force (1914-1921).
=780  00$tHonk!
=859  \\$aXLD$bWW1
=852  4\$cDRT$jDigital Store P.P.4039.wdc.(2.)$aBritish Library$bHMNTS$3No. 1 (Dec. 25th, 1916)-no. 19 (Mar. 24th, 1917)
=945  \\$aRising sun.
=979  \\$aBritish Library$bDSC$j7972.560000N
=985  \\$aCorrected by BSS-generated file
=985  \\$aCorrected by MS generated file for WR# 12.037
=985  \\$aEnhanced by MS generated file for WR# 12/139
=985  \\$aEnhanced by MS generated file for WR# 13/021
=CAT  \\$aBATCH-DCW$b00$c20131218$lBLL01$h1341
=CAT  \\$aBATCH-DCW$b00$c20131218$lBLL01$h1352
=CAT  \\$aBATCH-DCW$b00$c20131218$lBLL01$h1359
=CAT  \\$aBATCH-DCW$b00$c20131218$lBLL01$h1406
=CAT  \\$aBATCH-DCW$b00$c20131218$lBLL01$h1413
=CAT  \\$aBATCH-DCW$b00$c20131218$lBLL01$h1420
=CAT  \\$aBATCH-DCW$b00$c20131218$lBLL01$h1427
=CAT  \\$aBATCH-DCW$b00$c20131218$lBLL01$h1433
=CAT  \\$aBATCH-DCW$b00$c20131218$lBLL01$h1440
=CAT  \\$aBATCH-DCW$b00$c20140120$lBLL01$h0140
=CAT  \\$aBATCH-DCW$b00$c20140120$lBLL01$h1656
=CAT  \\$aWR14.046$c20140417$lBLL01$h1725
=CAT  \\$aWR13.144/5$c20140418$lBLL01$h1049
=FIN  \\$aY$d20131218
=LKR  \\$aPAR$b000146850$lBLL01$r78000$mThe rising sun$nHonk!
=LKR  \\$aPAR$lBLL01$r776$b000146843$mThe rising sun.$nThe rising sun.
=DGM  \\$a000146843$bCatBridge variable field
=DRT  \\$aWW1
=SRC  \\$aWW1$bEuropeana_Collections_1914-1918_20131209
=SRC  \\$aWW1$bEuropeana_Collections_1914-1918_20131209_1
=SRC  \\$aWW1$bEuropeana_Collections_1914-1918_20131209_2
=SRC  \\$aWW1$bEuropeana_Collections_1914-1918_20131209_3
=SRC  \\$aWW1$bEuropeana_Collections_1914-1918_20131209_4
=SRC  \\$aWW1$bEuropeana_Collections_1914-1918_20131209_5
=SRC  \\$aWW1$bEuropeana_Collections_1914-1918_20131209_6
=SRC  \\$aWW1$bEuropeana_Collections_1914-1918_20131209_7
=SRC  \\$aWW1$bEuropeana_Collections_1914-1918_20131209_8
=SRC  \\$aWW1$bEuropeana_Collections_1914-1918_20131209_9
=SRC  \\$aWW1$bEuropeana_Collections_1914-1918_20140109
=OHC  \\$a1
=LAS  \\$aWR13.144/5$b00$c20140418$lBLL01$h1049

