=LDR  03174 as a2200769 a 4500
=001  016586313
=003  Uk
=005  20131218134143.0
=007  cr\mn\024mpada
=007  ta
=008  871217d19151916fr\uu\p\s\\\\o00\\a0eng\\
=FMT  \\$a  SE
=019  c\$a2254830
=019  x\$a0142310077
=040  \\$aUk$cUk$dUk
=082  04$a940.394
=245  00$aHonk! :$bthe voice of the Benzine Lancers.
=260  \\$a[France] :$bTroopship A. 40,$c1915-[1916].
=300  \\$av. :$bill. ;$c23 cm.
=336  \\$atext$2rdacontent
=337  \\$acomputer$2rdamedia
=338  \\$aonline$2rdacarrier
=362  0\$aNo. 1 (Jan. 4th, 1915)-
=362  1\$aCeased 1916.
=500  \\$aCommenced aboard the Troopship Ceramic as a forum for all the troops aboard on arrival in France the Honk was printed and published by the Australian Ammunition Park for the 5th Corps Ammunition Parks.
=500  \\$aHome news, unit news, stories, anecdotes and humor.
=540  \\$aCurrent copyright fee: GBP12.00$c0$5Uk
=610  20$aAustralia.$bArmy.$bAustralian Imperial Force (1914-1921)$xPeriodicals.
=610  20$aCeramic (Troopship)$vPeriodicals.
=650  \0$aWorld War, 1914-1918.
=655  \4$aTrench journal
=710  2\$aAustralia.$bArmy.$bCorps, 5th. Ammunition Parks.
=785  00$tRising sun
=859  \\$aXLD$bWW1
=852  4\$cDRT$jDigital Store P.P.4039.wdc.(1.)$aBritish Library$bHMNTS$3No. 1 (4 Jan.)-no. 11 (Dec. 1915)
=945  \\$aHonk.
=963  \\$aNO. 8, 1915- 9, 1915 *A=1$bN$cWRC.527
=979  \\$aBritish Library$bDSC$j4326.429000N
=985  \\$aCorrected by MS generated file for WR# 12.037
=985  \\$aEnhanced by MS generated file for WR# 12/139
=985  \\$aEnhanced by MS generated file for WR# 13/021
=CAT  \\$aBATCH-DCW$b00$c20131218$lBLL01$h1341
=CAT  \\$aBATCH-DCW$b00$c20131218$lBLL01$h1352
=CAT  \\$aBATCH-DCW$b00$c20131218$lBLL01$h1359
=CAT  \\$aBATCH-DCW$b00$c20131218$lBLL01$h1406
=CAT  \\$aBATCH-DCW$b00$c20131218$lBLL01$h1413
=CAT  \\$aBATCH-DCW$b00$c20131218$lBLL01$h1420
=CAT  \\$aBATCH-DCW$b00$c20131218$lBLL01$h1427
=CAT  \\$aBATCH-DCW$b00$c20131218$lBLL01$h1433
=CAT  \\$aBATCH-DCW$b00$c20140120$lBLL01$h1656
=CAT  \\$aWR14.046$c20140417$lBLL01$h1726
=CAT  \\$aWR13.144/5$c20140418$lBLL01$h1049
=FIN  \\$aY$d20131218
=LKR  \\$aPAR$lBLL01$r776$b000146850$mHonk! : the voice of the Benzine Lancers.$nHonk! : the voice of the Benzine Lancers.
=DGM  \\$a000146850$bCatBridge variable field
=DRT  \\$aWW1
=SRC  \\$aWW1$bEuropeana_Collections_1914-1918_20131209
=SRC  \\$aWW1$bEuropeana_Collections_1914-1918_20131209_1
=SRC  \\$aWW1$bEuropeana_Collections_1914-1918_20131209_2
=SRC  \\$aWW1$bEuropeana_Collections_1914-1918_20131209_3
=SRC  \\$aWW1$bEuropeana_Collections_1914-1918_20131209_4
=SRC  \\$aWW1$bEuropeana_Collections_1914-1918_20131209_5
=SRC  \\$aWW1$bEuropeana_Collections_1914-1918_20131209_6
=SRC  \\$aWW1$bEuropeana_Collections_1914-1918_20131209_7
=SRC  \\$aWW1$bEuropeana_Collections_1914-1918_20131209_8
=OHC  \\$a1
=LAS  \\$aWR13.144/5$b00$c20140418$lBLL01$h1049

