=LDR  03506 as a22008053  4500
=001  016586314
=003  Uk
=005  20131218134143.0
=007  cr\mn\024mpada
=007  ta
=008  881230d19161918uikuu\p\s\\\\\00\\b0ger\\
=FMT  \\$a  SE
=019  c\$a2265137
=019  x\$a1762960109
=040  \\$aUk$cUk$dUk
=082  04$a940.4724279$221
=245  00$aKnockaloe Lager-Zeitung :$bZeitschrift des Zivil-Gefangen-Lagers Knockaloe, Isle of Man /$cherausgegeben von der früheren Schriftleitung der Stobsiade.
=260  \\$aKnockaloe,$c1916-1918.
=300  \\$av. ;$c28 cm.
=336  \\$atext$2rdacontent
=337  \\$acomputer$2rdamedia
=338  \\$aonline$2rdacarrier
=362  0\$aJahrg. 2 (7 Oktober 1916)-
=520  \\$aVerse and stories of the civilian German prisoners located at Knockaloe.
=540  \\$aCurrent copyright fee: GBP12.00$c0$5Uk
=610  20$aKnockaloe (Concentration camp)$vPeriodicals.
=650  \0$aPrisoners of war$zGermany.
=650  \0$aWorld War, 1914-1918$xPrisoners and prisons, British.
=650  \0$aWorld War, 1914-1918$xPrisoners and prisons, Isle of Man.
=650  \0$aWorld War, 1914-1918.
=655  \4$aTrench journal
=710  2\$aKnockaloe (Concentration camp)
=780  01$aStobsiade
=859  \\$aXLD$bWW1
=852  4\$cDRT$jDigital Store P.P.4039.wu.(4.)$aBritish Library$bHMNTS$3Jahrg. 2, nr. 1 (7 Oct. 1916)-Jahrg. 4, nr. 19.(5 Sep. 1918)
=945  \\$aKnockaloe Lager Zeitung.
=963  \\$aJG. 2, 1916- 4(19), 1918 * A=1$bN$cWRB.491
=979  \\$aBritish Library$bDSC$j5100.419800N
=985  \\$aCorrected by BSS-generated file for WR# 11/211
=985  \\$aCorrected by MS generated file for WR# 12.037
=985  \\$aEnhanced by MS generated file for WR# 13/021
=985  \\$aHeadings: World War, 1914-1918, and Trench journal added globally for the Europeana Project.
=CAT  \\$aBATCH-DCW$b00$c20131218$lBLL01$h1341
=CAT  \\$aBATCH-DCW$b00$c20131218$lBLL01$h1352
=CAT  \\$aBATCH-DCW$b00$c20131218$lBLL01$h1359
=CAT  \\$aBATCH-DCW$b00$c20131218$lBLL01$h1406
=CAT  \\$aBATCH-DCW$b00$c20131218$lBLL01$h1413
=CAT  \\$aBATCH-DCW$b00$c20131218$lBLL01$h1420
=CAT  \\$aBATCH-DCW$b00$c20131218$lBLL01$h1427
=CAT  \\$aBATCH-DCW$b00$c20131218$lBLL01$h1433
=CAT  \\$aBATCH-DCW$b00$c20131218$lBLL01$h1440
=CAT  \\$aBATCH-DCW$b00$c20140120$lBLL01$h1656
=CAT  \\$aWR14.046$c20140417$lBLL01$h1726
=CAT  \\$aWR13.144/5$c20140418$lBLL01$h1049
=FIN  \\$aY$d20131218
=LKR  \\$aPAR$lBLL01$r776$b001990578$mKnockaloe Lager-Zeitung : Zeitschrift des Zivil-Gefangen-Lagers Knockaloe, Isle of Man /$nKnockaloe Lager-Zeitung : Zeitschrift des Zivil-Gefangen-Lagers Knockaloe, Isle of Man /
=DGM  \\$a001990578$bCatBridge variable field
=DRT  \\$aWW1
=SRC  \\$aWW1$bEuropeana_Collections_1914-1918_20131209
=SRC  \\$aWW1$bEuropeana_Collections_1914-1918_20131209_1
=SRC  \\$aWW1$bEuropeana_Collections_1914-1918_20131209_2
=SRC  \\$aWW1$bEuropeana_Collections_1914-1918_20131209_3
=SRC  \\$aWW1$bEuropeana_Collections_1914-1918_20131209_4
=SRC  \\$aWW1$bEuropeana_Collections_1914-1918_20131209_5
=SRC  \\$aWW1$bEuropeana_Collections_1914-1918_20131209_6
=SRC  \\$aWW1$bEuropeana_Collections_1914-1918_20131209_7
=SRC  \\$aWW1$bEuropeana_Collections_1914-1918_20131209_8
=SRC  \\$aWW1$bEuropeana_Collections_1914-1918_20131209_9
=OHC  \\$a1
=LAS  \\$aWR13.144/5$b00$c20140418$lBLL01$h1049

