=LDR  03229 as a2200781 a 4500
=001  016586315
=003  Uk
=005  20131218134143.0
=007  cr\mn\024mpada
=007  ta
=008  890726d19161919enker\p\s\\\\o00\\a0eng\\
=FMT  \\$a  SE
=019  x\$a2352700302
=040  \\$aUk$cUk$dUk
=082  04$a940.393$220
=245  00$aChronicles of the N.Z.E.F.
=246  3\$aChronicles of the New Zealand Expeditionary Force
=260  \\$aLondon :$bN.Z.E.F.,$c1916-1919.
=300  \\$av. :$bill. ;$c28 cm.
=336  \\$atext$2rdacontent
=337  \\$acomputer$2rdamedia
=338  \\$aonline$2rdacarrier
=362  0\$ano. 1 (April 1916)-no. 61 (Jan. 24, 1919).
=500  \\$aNews of New Zealand soldiers in Europe and the patriotic efforts of New Zealanders at home.
=500  \\$aSubtitle varies.
=610  10$aNew Zealand.$bArmy.$bExpeditionary Force$vPeriodicals.
=650  \0$aWorld War, 1914-1918$xParticipation, New Zealand$vAnecdotes.
=655  \4$aTrench journal
=710  1\$aNew Zealand.$bArmy.$bExpeditionary Force.
=859  \\$aXLD$bWW1
=852  4\$cDRT$jDigital Store P.P.4039.wdi.(5.)$aBritish Library$bHMNTS$3vol. 1 (April 1916)-v. 5 (Jan. 1919)
=985  \\$aCorrected by MS generated file for WR# 12.037
=985  \\$aEnhanced by MS generated file for WR# 12/139
=985  \\$aEnhanced by MS generated file for WR# 13/021
=CAT  \\$aBATCH-DCW$b00$c20131218$lBLL01$h1341
=CAT  \\$aBATCH-DCW$b00$c20131218$lBLL01$h1352
=CAT  \\$aBATCH-DCW$b00$c20131218$lBLL01$h1359
=CAT  \\$aBATCH-DCW$b00$c20131218$lBLL01$h1406
=CAT  \\$aBATCH-DCW$b00$c20131218$lBLL01$h1413
=CAT  \\$aBATCH-DCW$b00$c20131218$lBLL01$h1420
=CAT  \\$aBATCH-DCW$b00$c20131218$lBLL01$h1427
=CAT  \\$aBATCH-DCW$b00$c20131218$lBLL01$h1433
=CAT  \\$aBATCH-DCW$b00$c20131218$lBLL01$h1440
=CAT  \\$aBATCH-DCW$b00$c20140120$lBLL01$h0058
=CAT  \\$aBATCH-DCW$b00$c20140120$lBLL01$h0221
=CAT  \\$aBATCH-DCW$b00$c20140120$lBLL01$h1656
=CAT  \\$aWR14.046$c20140417$lBLL01$h1726
=CAT  \\$aWR13.144/5$c20140418$lBLL01$h1049
=CAT  \\$aBATCH-DCW$b00$c20151231$lBLL01$h1304
=FIN  \\$aY$d20131218
=LKR  \\$aPAR$lBLL01$r776$b002639905$mChronicles of the N.Z.E.F.$nChronicles of the N.Z.E.F.
=DGM  \\$a002639905$bCatBridge variable field
=DRT  \\$aWW1
=SRC  \\$aWW1$bEuropeana_Collections_1914-1918_20131209
=SRC  \\$aWW1$bEuropeana_Collections_1914-1918_20131209_1
=SRC  \\$aWW1$bEuropeana_Collections_1914-1918_20131209_2
=SRC  \\$aWW1$bEuropeana_Collections_1914-1918_20131209_3
=SRC  \\$aWW1$bEuropeana_Collections_1914-1918_20131209_4
=SRC  \\$aWW1$bEuropeana_Collections_1914-1918_20131209_5
=SRC  \\$aWW1$bEuropeana_Collections_1914-1918_20131209_6
=SRC  \\$aWW1$bEuropeana_Collections_1914-1918_20131209_7
=SRC  \\$aWW1$bEuropeana_Collections_1914-1918_20131209_8
=SRC  \\$aWW1$bEuropeana_Collections_1914-1918_20131209_9
=SRC  \\$aWW1$bEuropeana_Collections_1914-1918_20131219
=SRC  \\$aWW1$bEuropeana_Collections_1914-1918_20140113
=SRC  \\$aWW1$bEuropeana_Collections_1914-1918_20140508
=OHC  \\$a1
=LAS  \\$aBATCH-DCW$b00$c20151231$lBLL01$h1304

