=LDR  02591 as a22005173  4500
=001  016586316
=003  Uk
=005  20131218134143.0
=007  cr\mn\024mpada
=007  ta
=008  890726d19171917sa\uu\p\s\\\\o00\\a0eng\\
=FMT  \\$a  SE
=019  x\$a235271026X
=040  \\$aUk$cUk$dUk
=245  03$aTe Whakanui :$bthe unofficial journal of the 26th and 27th Reinforcements R.N.Z.A., 26th N.Z. Field Engineers, 27th Specialist Coy., E, G, H and J (Coys.) 26th Infantry Reinforcements, 26th N.Z.A.S.C., 18th Pioneers, and 26th Medical Corps.
=260  \\$aAt Sea :$bMagazine Committee,$c[1917]$e(Cape Town :$fPrinted by Cape Times Ltd.)
=300  \\$av. :$bports. ;$c28 cm.
=336  \\$atext$2rdacontent
=337  \\$acomputer$2rdamedia
=338  \\$aonline$2rdacarrier
=500  \\$a"Magazine of troops on board H.M.N.Z.T. Maunganui".
=500  \\$a"No. 1, vol. 1. At sea."
=500  \\$aCover subtitle: 26th NZ Refts.
=610  10$aNew Zealand.$bArmy$xMilitary life$vAnecdotes.
=610  10$aNew Zealand.$bArmy.$bExpeditionary Force$vAnecdotes.
=610  20$aMaunganui (Ship)$vAnecdotes.
=650  \0$aSoldiers' writings, New Zealand.
=650  \0$aWorld War, 1914-1918.
=655  \4$aTrench journal
=710  1\$aNew Zealand.$bArmy.$bExpeditionary Force.
=859  \\$aXLD$bWW1
=852  4\$cDRT$jDigital Store P.P.4039.wbi.(13.)$aBritish Library$bHMNTS$3vol. 1, no. 1
=985  \\$aCorrected by BSS-generated file for WR# 11/211
=985  \\$aCorrected by MS generated file for WR# 12.037
=985  \\$aEnhanced by MS generated file for WR# 13/021
=985  \\$aHeadings: World War, 1914-1918, and Trench journal added globally for the Europeana Project.
=CAT  \\$aBATCH-DCW$b00$c20131218$lBLL01$h1341
=CAT  \\$aWR14.046$c20140417$lBLL01$h1726
=CAT  \\$aWR13.144/5$c20140418$lBLL01$h1049
=FIN  \\$aY$d20131218
=LKR  \\$aPAR$lBLL01$r776$b002639932$mTe Whakanui : the unofficial journal of the 26th and 27th Reinforcements R.N.Z.A., 26th N.Z. Field Engineers, 27th Specialist Coy., E, G, H and J (Coys.) 26th Infantry Reinforcements, 26th N.Z.A.S.C., 18th Pioneers, and 26th Medical Corps.$nTe Whakanui : the unofficial journal of the 26th and 27th Reinforcements R.N.Z.A., 26th N.Z. Field Engineers, 27th Specialist Coy., E, G, H and J (Coys.) 26th Infantry Reinforcements, 26th N.Z.A.S.C., 18th Pioneers, and 26th Medical Corps.
=DGM  \\$a002639932$bCatBridge variable field
=DRT  \\$aWW1
=SRC  \\$aWW1$bEuropeana_Collections_1914-1918_20131209_1
=OHC  \\$a1
=LAS  \\$aWR13.144/5$b00$c20140418$lBLL01$h1049

