=LDR  04206 as a2200889 a 4500
=001  016586427
=003  Uk
=005  20160804113743.0
=007  cr\mn\024mpada
=007  ta
=008  910108d19151919stkuu\p\s\\\\\0\\\b0ger\\
=FMT  \\$a  SE
=019  c\$a2267365
=019  x\$a3141010102
=040  \\$aUk$cUk$dUk
=245  00$aStobsiade :$bStobser Zeitung.
=264  \1$aStobs, Scotland :$b[Prisoners of war in the Stobs internment camp],$c1915-1919.
=300  \\$c(4º)
=336  \\$atext$2rdacontent
=337  \\$acomputer$2rdamedia
=338  \\$aonline$2rdacarrier
=340  \\$m4to$2rdabf
=362  0\$aErster jahrgang, no. 1 (5, Sept. 1915)- Viertes halbjahr, no. 26 (Jan./Feb. 1919).
=500  \\$aHalbmonatsschrift des deutschen Gefangenen Lagers Stobs, Schottl.
=500  \\$aSub-title varies.
=515  \\$aIssue numbering restarts in 1916.
=520  \\$aPublication of WW I German prisoners of war interned in the camp located in Stobs, Scotland, near Hawick, and administered from London. The newsletter contains poems, puzzles, news reports, short stories, and advertisements from the prisoners. The issues appear to have been printed in Hawick. The title is a pun on the popular 18th-century mock epic poem "Jobsiade" by the German physician and writer, Carl Arnold Kortum. The German prisoners were released around February, 1919.
=540  \\$aCurrent copyright fee: GBP12.00$c0$5Uk
=610  20$aStobs (Concentration camp)$vPeriodicals.
=650  \0$aPrisoners of war$zGermany$vPeriodicals.
=650  \0$aPrisoners of war$zGreat Britain$vPeriodicals.
=650  \0$aPrisoners of war$zScotland$zStobs$vPeriodicals.
=650  \0$aWorld War, 1914-1918$xPrisoners and prisons, British$vPeriodicals.
=650  \0$aWorld War, 1914-1918.
=655  \4$aTrench journal
=710  2\$aStobs Prisoners of War Camp (STOBS)
=859  \\$aXLD$bWW1
=852  4\$cDRT$jDigital Store P.P.4039.wu.(2.)$aBritish Library$bHMNTS$3Jahrg. 1, no. 1 (5 Sep. 1915)-Jahrg. 2, no. 26 (Feb. 1919) ; Deficient: Jahrg. 1, nr. 15, 16; Jahrg. 2, no. 20, 21, 23, 25.
=945  \\$aStobsiade -Stobs-.
=963  \\$a1915(1)- 1918(22) *A=1$bN$cWRB.457
=979  \\$aBritish Library$bDSC$j8465.150000N
=985  \\$a655 added globally for the Europeana Project.
=985  \\$aCorrected by BSS-generated file for WR# 11/211
=985  \\$aCorrected by MS generated file for WR# 12.037
=985  \\$aEnhanced by MS generated file for WR# 13/021
=985  \\$aCorrected by MS generated file for WR# 1805-0738
=CAT  \\$aBATCH-DCW$b00$c20131218$lBLL01$h1341
=CAT  \\$aBATCH-DCW$b00$c20131218$lBLL01$h1352
=CAT  \\$aBATCH-DCW$b00$c20131218$lBLL01$h1359
=CAT  \\$aBATCH-DCW$b00$c20131218$lBLL01$h1406
=CAT  \\$aBATCH-DCW$b00$c20131218$lBLL01$h1413
=CAT  \\$aBATCH-DCW$b00$c20131218$lBLL01$h1420
=CAT  \\$aBATCH-DCW$b00$c20131218$lBLL01$h1427
=CAT  \\$aBATCH-DCW$b00$c20131218$lBLL01$h1433
=CAT  \\$aBATCH-DCW$b00$c20131218$lBLL01$h1440
=CAT  \\$aBATCH-DCW$b00$c20140120$lBLL01$h1656
=CAT  \\$aWR14.046$c20140417$lBLL01$h1726
=CAT  \\$aWR13.144/5$c20140418$lBLL01$h1049
=CAT  \\$a8874$b40$c20160804$lBLL01$h1137
=CAT  \\$a1805-0738$c20181228$lBLL01$h1836
=CAT  \\$a1805-0738$b00$c20181228$lBLL01$h1920
=FIN  \\$aY$d20131218
=LKR  \\$aPAR$lBLL01$r776$b003507880$mStobsiade : Stobser Zeitung.$nStobsiade : Stobser Zeitung.
=DGM  \\$a003507880$bCatBridge variable field
=DRT  \\$aWW1
=SRC  \\$aWW1$bEuropeana_Collections_1914-1918_20131209
=SRC  \\$aWW1$bEuropeana_Collections_1914-1918_20131209_1
=SRC  \\$aWW1$bEuropeana_Collections_1914-1918_20131209_2
=SRC  \\$aWW1$bEuropeana_Collections_1914-1918_20131209_3
=SRC  \\$aWW1$bEuropeana_Collections_1914-1918_20131209_4
=SRC  \\$aWW1$bEuropeana_Collections_1914-1918_20131209_5
=SRC  \\$aWW1$bEuropeana_Collections_1914-1918_20131209_6
=SRC  \\$aWW1$bEuropeana_Collections_1914-1918_20131209_7
=SRC  \\$aWW1$bEuropeana_Collections_1914-1918_20131209_8
=SRC  \\$aWW1$bEuropeana_Collections_1914-1918_20131209_9
=OHC  \\$a1
=LAS  \\$a1805-0738$b00$c20181228$lBLL01$h1920

