=LDR  01709 am a22004933  4500
=001  016586468
=003  Uk
=005  20200626183315.0
=007  cr\mn\024mpada
=008  880523s1916\\\\enk\\\\\s\\\\\000\p\eng\\
=FMT  \\$a  BK
=019  x\$a091055028X
=040  \\$aUk$cUk$dUk
=100  1\$aThomas, Edward,$d1878-1917.
=245  10$aSix poems /$cby Edward Eastaway [i.e. Edward Thomas]
=264  \1$a[Flansham] :$bPear Tree Press,$c[1916]
=300  \\$c(4º)
=336  \\$atext$2rdacontent
=337  \\$acomputer$2rdamedia
=338  \\$aonline$2rdacarrier
=500  \\$aReproduced from MS., on one side of the leaf only.
=650  \0$aEnglish poetry$y20th century
=650  \0$aWorld War, 1914-1918$xLiterature and the war.
=655  \4$aBook
=700  1\$aGuthrie, James,$d1874-1952.
=859  \\$aXLD$bWW1
=852  4\$cDRT$jDigital Store 11642.h.49.$aBritish Library$bHMNTS
=985  \\$aCorrected by MS generated file for WR# 12.037
=985  \\$aRecord amended for WR# 13/070
=985  \\$aCorrected by MS generated file for WR# 1805-0738
=CAT  \\$aBATCH-DCW$b00$c20131218$lBLL01$h1445
=CAT  \\$aWR14.046$c20140417$lBLL01$h1726
=CAT  \\$aWR13.144/5$c20140418$lBLL01$h1049
=CAT  \\$aBATCH-UPD$b00$c20150919$lBLL01$h1747
=CAT  \\$a1805-0738$c20181228$lBLL01$h1836
=CAT  \\$a1805-0738$b00$c20181228$lBLL01$h1920
=CAT  \\$aW2001-2376$c20200626$lBLL01$h1833
=FIN  \\$aY$d20131218
=LKR  \\$aPAR$lBLL01$r776$b001027503$mSix poems /$nSix poems /
=DGM  \\$a001027503$bCatBridge variable field
=DRT  \\$aWW1
=SRC  \\$aWW1$bEuropeana_Collections_1914-1918_20131210_1
=OHC  \\$a1
=LAS  \\$aW2001-2376$b00$c20200626$lBLL01$h1833

