=LDR  02065 cm a22005057  4500
=001  016586471
=003  Uk
=005  20210506151550.0
=007  cr\mn\024mpada
=008  930310s1887\\\\enk|||\|s||||||||\\\eng\|
=FMT  \\$a  MU
=019  d\$aam14700002
=040  \\$aUk$cUk
=082  14$a780$215
=100  1\$aButterworth, Hezekiah.
=245  10$aCloud and Sunshine, or the Pillar of Fire. The Return of Israel. A Cantata for the Sunday School & Choir.
=264  \1$aLondon :$bSunday School Union,$c[1887]
=300  \\$c(8º)
=336  \\$anotated music$2rdacontent
=337  \\$acomputer$2rdamedia
=338  \\$aonline$2rdacarrier
=340  \\$m8vo$2rdabf
=700  1\$aRoot, George F.$q(George Frederick),$d1820-1895.
=859  \\$aXLD$bWW1
=883  0\$aLanguage codes assigned by Bayesian analysis of words present in record$d20210115$qUk$c0.9450
=852  4\$cDRT$jDigital Store D.833.(2.)$aBritish Library$bMUSIC
=985  \\$aCorrected by MS generated file for WR# 12.037
=985  \\$aCorrected by MS generated file for WR# 1805-0738
=CAT  \\$aBATCH-DCW$b00$c20131218$lBLL01$h1445
=CAT  \\$aWR14.046$c20140417$lBLL01$h1726
=CAT  \\$aWR13.144/5$c20140418$lBLL01$h1049
=CAT  \\$aBATCH-DCW$b00$c20141018$lBLL01$h1802
=CAT  \\$aBATCH-DCW$b00$c20141018$lBLL01$h1843
=CAT  \\$aWR15_100$c20150811$lBLL01$h0328
=CAT  \\$a1805-0738$c20181228$lBLL01$h1836
=CAT  \\$a1805-0738$b00$c20181228$lBLL01$h1920
=CAT  \\$aW2102-0046$b00$c20210506$lBLL01$h1515
=FIN  \\$aY$d20131218
=LKR  \\$aPAR$lBLL01$r776$b004249521$mCloud and Sunshine, or the Pillar of Fire. The Return of Israel. A Cantata for the Sunday School & Choir.$nCloud and Sunshine, or the Pillar of Fire. The Return of Israel. A Cantata for the Sunday School & Choir.
=DGM  \\$a004249521$bCatBridge variable field
=DRT  \\$aWW1
=SRC  \\$aWW1$bEuropeana_Collections_1914-1918_20131210_1
=SRC  \\$aWW1$bEuropeana_Collections_1914-1918_20140601_muscorr
=OHC  \\$a1
=LAS  \\$aW2102-0046$b00$c20210506$lBLL01$h1515

