=LDR  02243 cm a22005537  4500
=001  016586475
=003  Uk
=005  20200908175001.0
=007  cr\mn\024mpada
=008  930317m19071908enk|||\|s||||||||\\\und\|
=FMT  \\$a  MU
=019  d\$acm06000635
=040  \\$aUk$cUk
=082  14$a780$215
=100  1\$aElgar, Edward,$d1857-1934.
=240  10$aPomp and circumstance.$nNo. 4;$oarranged
=245  10$aPomp and Circumstance ... Op. 39. No. 4 in G ... Arrangement for Pianoforte Solo (as a Pianoforte Duet) by A. Schmid.
=264  \1$aLondon ;$aNew York :$bBoosey & Co,$c1907, 1908.
=300  \\$a2 nos ;$c(folio)
=336  \\$anotated music$2rdacontent
=337  \\$acomputer$2rdamedia
=338  \\$aonline$2rdacarrier
=340  \\$mfolio$2rdabf
=700  1\$aSchmid, Adolf,$d1868-1958.
=859  \\$aXLD$bWW1
=852  4\$cDRT$jDigital Store h.3930.g.(9.)$aBritish Library$bMUSIC
=985  \\$aCorrected by MS generated file for WR# 12.037
=985  \\$aCorrected by MS generated file for WR# 1805-0738
=CAT  \\$aBATCH-DCW$b00$c20131218$lBLL01$h1445
=CAT  \\$aWR14.046$c20140417$lBLL01$h1726
=CAT  \\$aWR13.144/5$c20140418$lBLL01$h1049
=CAT  \\$aBATCH-DCW$b00$c20141018$lBLL01$h1802
=CAT  \\$aBATCH-DCW$b00$c20141018$lBLL01$h1843
=CAT  \\$a6550$b40$c20150302$lBLL01$h1017
=CAT  \\$a6550$b40$c20150302$lBLL01$h1150
=CAT  \\$aBATCH-UPD$b40$c20150520$lBLL01$h1028
=CAT  \\$a11814$b40$c20150526$lBLL01$h1513
=CAT  \\$aWR15_100$c20150811$lBLL01$h0328
=CAT  \\$a1805-0738$c20181228$lBLL01$h1836
=CAT  \\$a1805-0738$b00$c20181228$lBLL01$h1920
=CAT  \\$a11814$b40$c20200908$lBLL01$h1750
=FIN  \\$aY$d20131218
=LKR  \\$aPAR$lBLL01$r776$b004322908$mPomp and Circumstance ... Op. 39. No. 4 in G ... Arrangement for Pianoforte Solo (as a Pianoforte Duet) by A. Schmid.$nPomp and Circumstance ... Op. 39. No. 4 in G ... Arrangement for Pianoforte Solo (as a Pianoforte Duet) by A. Schmid.
=DGM  \\$a004322908$bCatBridge variable field
=DRT  \\$aWW1
=SRC  \\$aWW1$bEuropeana_Collections_1914-1918_20131210_1
=SRC  \\$aWW1$bEuropeana_Collections_1914-1918_20140601_muscorr
=OHC  \\$a1
=LAS  \\$a11814$b40$c20200908$lBLL01$h1750

