=LDR  03299ccm a22008177  4500
=001  016586478
=003  Uk
=005  20230223161837.0
=007  cr\mn\024mpada
=008  930317t19171917enk||ze|s||||||n|\\\zxx\|
=FMT  \\$a  MU
=019  d\$acm06000835
=028  22$a14342$bNovello
=040  \\$aUk$beng$cUk$erda
=042  \\$aukblsr
=082  04$a783.6642$223
=100  1\$aElgar, Edward,$d1857-1934,$ecomposer.
=245  14$aThe Spirit of England /$cEdward Elgar.
=264  \1$aLondon :$bNovello & Company, Limited,$c[1917]
=264  \4$c©1917
=300  \\$a3 scores ;$c(folio)
=336  \\$anotated music$2rdacontent
=337  \\$acomputer$2rdamedia
=338  \\$aonline$2rdacarrier
=340  \\$mfolio$2rdabf
=500  \\$aFor solo soprano or tenor voice, chorus and orchestra.
=546  \\$bStaff notation.
=500  \\$aWords by Laurence Binyon.
=500  \\$aOp. 80.
=505  0\$aNo. 1. The fourth of August -- No. 2. To women -- No. 3. For the fallen.
=600  10$aBinyon, Laurence,$d1869-1943$vMusical settings.
=650  \0$aWorld War, 1914-1918$vSongs and music.
=650  \0$aSongs with orchestra.
=650  \0$aPatriotic music.
=655  \7$aMemorial music.$2fast$0(OCoLC)fst01985340
=655  \7$aParts (Music)$2fast$0(OCoLC)fst01692889
=655  \7$aSongs.$2fast$0(OCoLC)fst01726744
=700  1\$iMusical setting of (work):$aBinyon, Laurence,$d1869-1943.$tWinnowing fan.$kSelections.
=700  12$aElgar, Edward,$d1857-1934.$tSpirit of England.$pFourth of August.
=700  12$aElgar, Edward,$d1857-1934.$tSpirit of England.$pFor the fallen.
=700  12$aElgar, Edward,$d1857-1934.$tSpirit of England.$pTo women.
=859  \\$aXLD$bWW1
=852  4\$aBritish Library$bMUSIC$cDRT$jDigital Store h.3930.(33.)$qCopy at Digital Store h.3930.(33.). Imperfect: string parts only.
=985  \\$aCorrected by MS generated file for WR# 12.037
=985  \\$aCorrected by MS generated file for WR# 1805-0738
=985  \\$aUpdated by MS generated file for WR2302-017
=CAT  \\$aBATCH-DCW$b00$c20131218$lBLL01$h1445
=CAT  \\$aWR13_205$c20131223$lBLL01$h1625
=CAT  \\$aBATCH-DCW$b00$c20140120$lBLL01$h0202
=CAT  \\$aWR14.046$c20140417$lBLL01$h1726
=CAT  \\$aWR13.144/5$c20140418$lBLL01$h1049
=CAT  \\$aBATCH-DCW$b00$c20141018$lBLL01$h1802
=CAT  \\$aBATCH-DCW$b00$c20141018$lBLL01$h1843
=CAT  \\$aBATCH-UPD$b00$c20150520$lBLL01$h1026
=CAT  \\$aWR15_100$c20150811$lBLL01$h0328
=CAT  \\$aBATCH-DCW$b00$c20151231$lBLL01$h1628
=CAT  \\$a1805-0738$c20181228$lBLL01$h1836
=CAT  \\$a1805-0738$b00$c20181228$lBLL01$h1920
=CAT  \\$aSUPERCAT$b90$c20200311$lBLL01$h1338
=CAT  \\$aSUPERCAT$b40$c20200320$lBLL01$h1358
=CAT  \\$aW2302-0174$c20230223$lBLL01$h2000
=FIN  \\$aY$d20131218
=LKR  \\$aPAR$lBLL01$r776$b004323074$mThe Spirit of England /$nThe Spirit of England /
=DGM  \\$a004323074$bCatBridge variable field
=DRT  \\$aWW1
=SRC  \\$aWW1$bEuropeana_Collections_1914-1918_20131210_1
=SRC  \\$aWW1$bEuropeana_Collections_1914-1918_20140110
=SRC  \\$aWW1$bEuropeana_Collections_1914-1918_20140601_muscorr
=SRC  \\$aWW1$bEuropeana_Collections_1914-1918_20151231
=OHC  \\$a1
=LAS  \\$aW2302-0174$b00$c20230223$lBLL01$h2000

