=LDR  03676 as a22008413  4500
=001  016586484
=003  Uk
=005  20131218144502.0
=007  cr\mn\024mpada
=008  881230d19161918uikmx\p\s\\\\\00\\b0ger\\
=FMT  \\$a  SE
=019  x\$a1762960117
=040  \\$aUk$cUk$dUk
=110  2\$aKnockaloe (Concentration camp)
=245  10$aLager-Echo.
=264  \1$aKnockaloe, Isle of Man :$bKnockaloe-Lager,$c1916-1918.
=300  \\$av ;$c(4º)
=310  \\$aMonthly,$b20. Juni, 1917-
=321  \\$aSemimonthly,$b18 Nov., 1916-30 März, 1917
=336  \\$atext$2rdacontent
=337  \\$acomputer$2rdamedia
=338  \\$aonline$2rdacarrier
=340  \\$m4to$2rdabf
=362  0\$a1. Jahrg., no. 1 (Nov. 18, 1916)-
=500  \\$a"Halbmonatsschrift für das Zivilgefangenen-Lager, Knockaloe, Isle of Man": 18 Nov., 1916-30. Maerz, 1917.
=500  \\$a"Zeitschrift fuer das Zivilgefangenen-Lager, Knockaloe, Isle of Man": 20. Juni, 1917-
=500  \\$aEdited by Max Horner.
=610  20$aKnockaloe (Concentration camp)$vPeriodicals.
=650  \0$aAlien detention centers$zIsle of Man$zKnockaloe$vPeriodicals.
=650  \0$aAliens$zIsle of Man$zKnockaloe$vPeriodicals.
=650  \0$aGermans$zGreat Britain$vPeriodicals.
=650  \0$aWorld War, 1914-1918$xPropaganda.
=650  \0$aWorld War, 1914-1918$zIsle of Man$zKnockaloe$vPeriodicals.
=650  \0$aWorld War, 1914-1918$zIsle of Man$zKnockaloe$vPersonal narratives, German$vPeriodicals.
=655  \4$aTrench journal
=700  1\$aHorner, Max.
=859  \\$aXLD$bWW1
=852  4\$cDRT$jDigital Store P.P.4039.wu.(5.)$aBritish Library$bHMNTS$3Jahrg. 1, no. 1-12; Jahrg. 2, no. 1-7.***[3 copies of Jahrg. 1, no. 9 (26 September 1917); 3 copies of Jahrg. 2, no. 1 (1 Januar 1918); 3 copies Jahrg. 2, no. 3 (15 Mai 1918)]
=985  \\$aCorrected by MS generated file for WR# 1805-0738
=CAT  \\$aBATCH-DCW$b00$c20131218$lBLL01$h1445
=CAT  \\$aBATCH-DCW$b00$c20131218$lBLL01$h1502
=CAT  \\$aBATCH-DCW$b00$c20131218$lBLL01$h1509
=CAT  \\$aBATCH-DCW$b00$c20131218$lBLL01$h1515
=CAT  \\$aBATCH-DCW$b00$c20131218$lBLL01$h1522
=CAT  \\$aBATCH-DCW$b00$c20131218$lBLL01$h1529
=CAT  \\$aBATCH-DCW$b00$c20131218$lBLL01$h1535
=CAT  \\$aBATCH-DCW$b00$c20131218$lBLL01$h1542
=CAT  \\$aBATCH-DCW$b00$c20131218$lBLL01$h1549
=CAT  \\$aBATCH-DCW$b00$c20131218$lBLL01$h1556
=CAT  \\$aBATCH-DCW$b00$c20140120$lBLL01$h1712
=CAT  \\$aWR14.046$c20140417$lBLL01$h1726
=CAT  \\$aWR13.144/5$c20140418$lBLL01$h1049
=CAT  \\$aBATCH-RIGH$c20170607$lBLL01$h1816
=CAT  \\$aR1706-1834$c20170629$lBLL01$h1227
=CAT  \\$a1805-0738$c20181228$lBLL01$h1836
=CAT  \\$a1805-0738$b00$c20181228$lBLL01$h1920
=FIN  \\$aY$d20131218
=LKR  \\$aPAR$lBLL01$r776$b001990579$mLager-Echo.$nLager-Echo.
=DGM  \\$a001990579$bCatBridge variable field
=DRT  \\$aWW1
=SRC  \\$aWW1$bEuropeana_Collections_1914-1918_20131210_1
=SRC  \\$aWW1$bEuropeana_Collections_1914-1918_20131211
=SRC  \\$aWW1$bEuropeana_Collections_1914-1918_20131211_1
=SRC  \\$aWW1$bEuropeana_Collections_1914-1918_20131211_2
=SRC  \\$aWW1$bEuropeana_Collections_1914-1918_20131211_3
=SRC  \\$aWW1$bEuropeana_Collections_1914-1918_20131211_4
=SRC  \\$aWW1$bEuropeana_Collections_1914-1918_20131211_5
=SRC  \\$aWW1$bEuropeana_Collections_1914-1918_20131211_6
=SRC  \\$aWW1$bEuropeana_Collections_1914-1918_20131211_7
=SRC  \\$aWW1$bEuropeana_Collections_1914-1918_20131211_8
=SRC  \\$aWW1$bEuropeana_Collections_1914-1918_20131211_9
=OHC  \\$a1
=LAS  \\$a1805-0738$b00$c20181228$lBLL01$h1920

