=LDR  03289 as a22008173  4500
=001  016586485
=003  Uk
=005  20131218144502.0
=007  cr\mn\024mpada
=008  891211d19171919enkmr\p\s\\\\\00\\a0eng\\
=FMT  \\$a  SE
=019  c\$a2176221
=019  x\$a2534460145
=040  \\$aUk$cUk$dUk
=245  04$aThe War Magazine.
=264  \1$aLondon :$bAlexander Thomson,$c1917-1919.
=300  \\$av ;$c(8º)
=336  \\$atext$2rdacontent
=337  \\$acomputer$2rdamedia
=338  \\$aonline$2rdacarrier
=340  \\$m8vo$2rdabf
=362  0\$aVol. 1, no. 1 (March 1917)-vol. 2, no. 12 (Jan. 1919)
=500  \\$a"A record of the events of the month."
=540  \\$aCurrent copyright fee: GBP12.00$c0$5Uk
=650  \0$aWorld War, 1914-1918$xPropaganda.
=655  \4$aPeriodical publications.- London
=655  \4$aTrench journal
=859  \\$aXLD$bWW1
=852  4\$cDRT$jDigital Store P.P.4039.wrw.(4.)$aBritish Library$bHMNTS
=945  \\$aWar Magazine.
=959  \\$fHeld but not currently received
=963  \\$aVOL. 1, 1917- 2, 1919 *A=1$bN$cWRC.542
=985  \\$aCorrected by BSS-generated file for WR# 11/211
=985  \\$aCorrected by MS generated file for WR# 12.037
=985  \\$aEnhanced by MS generated file for WR# 12/139
=985  \\$aHeadings: World War, 1914-1918 Propaganda; and Trench journal added globally for the Europeana Project.
=985  \\$aCorrected by MS generated file for WR# 1805-0738
=CAT  \\$aBATCH-DCW$b00$c20131218$lBLL01$h1445
=CAT  \\$aBATCH-DCW$b00$c20131218$lBLL01$h1502
=CAT  \\$aBATCH-DCW$b00$c20131218$lBLL01$h1509
=CAT  \\$aBATCH-DCW$b00$c20131218$lBLL01$h1603
=CAT  \\$aBATCH-DCW$b00$c20131218$lBLL01$h1704
=CAT  \\$aBATCH-DCW$b00$c20131218$lBLL01$h1711
=CAT  \\$aBATCH-DCW$b00$c20131218$lBLL01$h1718
=CAT  \\$aBATCH-DCW$b00$c20131218$lBLL01$h1725
=CAT  \\$aBATCH-DCW$b00$c20131218$lBLL01$h1732
=CAT  \\$aBATCH-DCW$b00$c20131218$lBLL01$h1738
=CAT  \\$aBATCH-DCW$b00$c20131218$lBLL01$h1745
=CAT  \\$aBATCH-DCW$b00$c20140120$lBLL01$h0045
=CAT  \\$aWR14.046$c20140417$lBLL01$h1726
=CAT  \\$aWR13.144/5$c20140418$lBLL01$h1049
=CAT  \\$a1805-0738$c20181228$lBLL01$h1836
=CAT  \\$a1805-0738$b00$c20181228$lBLL01$h1920
=FIN  \\$aY$d20131218
=LKR  \\$aPAR$lBLL01$r776$b002856123$mThe War Magazine.$nThe War Magazine.
=DGM  \\$a002856123$bCatBridge variable field
=DRT  \\$aWW1
=SRC  \\$aWW1$bEuropeana_Collections_1914-1918_20131210_1
=SRC  \\$aWW1$bEuropeana_Collections_1914-1918_20131211_1
=SRC  \\$aWW1$bEuropeana_Collections_1914-1918_20131211_2
=SRC  \\$aWW1$bEuropeana_Collections_1914-1918_20131212_1
=SRC  \\$aWW1$bEuropeana_Collections_1914-1918_20131213
=SRC  \\$aWW1$bEuropeana_Collections_1914-1918_20131213_1
=SRC  \\$aWW1$bEuropeana_Collections_1914-1918_20131213_2
=SRC  \\$aWW1$bEuropeana_Collections_1914-1918_20131213_3
=SRC  \\$aWW1$bEuropeana_Collections_1914-1918_20131213_4
=SRC  \\$aWW1$bEuropeana_Collections_1914-1918_20131213_5
=SRC  \\$aWW1$bEuropeana_Collections_1914-1918_20131213_6
=SRC  \\$aWW1$bEuropeana_Collections_1914-1918_20131213_7
=OHC  \\$a2
=LAS  \\$a1805-0738$b00$c20181228$lBLL01$h1920

