=LDR  03001 ab a22006613  4500
=001  016586486
=003  Uk
=005  20131218144502.0
=007  cr\mn\024mpada
=008  901129d19141917sz\sr\p\s\\\\\00\\c0rusod
=FMT  \\$a  SE
=019  x\$a2853050017
=040  \\$aIUL$cIUL$dOCLCQ$dTEF$dUk
=110  2\$aVserossīĭskīĭ Zemskīĭ Soi︠u︡z pomoshchi bol'nym i ranenym voinam (RUSSIA)
=245  10$6880-01$aIzvi︠e︡stīi︠a︡ Glavnago komiteta /$cVserossīĭskīĭ zemskīĭ soi︠u︡z pomoshchi bolʹnym i ranenym voinam.
=246  30$aIzvestii︠a︡ Glavnogo komiteta Vserossiĭskogo zemskogo soi︠u︡za
=260  \\$aMoskva :$b[s.n.],$c1914-
=300  \\$a66 v. :$bill. ;$c26 cm.
=310  \\$aSemimonthly
=336  \\$atext$2rdacontent
=337  \\$acomputer$2rdamedia
=338  \\$aonline$2rdacarrier
=362  0\$aNo. 1 (15 okt. 1914 g.)-66 (1917).
=362  1\$aCeased with no. 66, published in 1917.
=500  \\$aEye readable header has title: Izvestiia Glavnogo komiteta Vserossiiskogo zemskogo soiuza.
=500  \\$aTitle from cover.
=650  \0$aWorld War, 1914-1918$xMedical care$zSoviet Union$vPeriodicals.
=650  \0$aWorld War, 1914-1918$zSoviet Union$vPeriodicals.
=655  \4$aJournal
=710  2\$aVserossīĭskīĭ zemskīĭ soi︠u︡z.$bGlavnyĭ komitet.
=776  1\$tIzvi︠e︡stīi︠a︡ Glavnago komiteta$w(OCoLC)19367851
=880  01$6245-10$aИзвѣстія Главнаго Комитета /$cВсероссiйскiй земскiй союзъ помощи больнымъ и раненымъ.
=859  \\$aXLD$bWW1
=852  4\$cDRT$jDigital Store 8095.g.16.$aBritish Library$bHMNTS
=985  \\$aCorrected by MS generated file for WR# 12.037
=CAT  \\$aBATCH-DCW$b00$c20131218$lBLL01$h1445
=CAT  \\$aBATCH-DCW$b00$c20131218$lBLL01$h1454
=CAT  \\$aBATCH-DCW$b00$c20131218$lBLL01$h1502
=CAT  \\$aBATCH-DCW$b00$c20131218$lBLL01$h1603
=CAT  \\$aBATCH-DCW$b00$c20140120$lBLL01$h0234
=CAT  \\$aBATCH-DCW$b00$c20140120$lBLL01$h1108
=CAT  \\$aBATCH-DCW$b00$c20140120$lBLL01$h1804
=CAT  \\$aWR14.046$c20140417$lBLL01$h1726
=CAT  \\$aWR13.144/5$c20140418$lBLL01$h1049
=CAT  \\$aBATCH-UPD$b00$c20150520$lBLL01$h1028
=FIN  \\$aY$d20131218
=LKR  \\$aPAR$lBLL01$r776$b003202963$mIzvi︠e︡stīi︠a︡ Glavnago komiteta /$nIzvi︠e︡stīi︠a︡ Glavnago komiteta /
=DGM  \\$a003202963$bCatBridge variable field
=DRT  \\$aWW1
=SRC  \\$aWW1$bEuropeana_Collections_1914-1918_20131210_1
=SRC  \\$aWW1$bEuropeana_Collections_1914-1918_20131210_2
=SRC  \\$aWW1$bEuropeana_Collections_1914-1918_20131211_1
=SRC  \\$aWW1$bEuropeana_Collections_1914-1918_20131212_1
=SRC  \\$aWW1$bEuropeana_Collections_1914-1918_20140114
=SRC  \\$aWW1$bEuropeana_Collections_1914-1918_20140117
=SRC  \\$aWW1$bEuropeana_Collections_1914-1918_20140120
=OHC  \\$a1
=LAS  \\$aBATCH-UPD$b00$c20150520$lBLL01$h1028

