=LDR  03712 as a2200853 a 4500
=001  016586494
=003  Uk
=005  20131218145910.0
=007  cr\mn\024mpada
=007  ta
=008  871217d19181919enkmr\p\s\\\\\00\\a0eng\\
=FMT  \\$a  SE
=019  c\$a2254823
=019  x\$a0142300225
=040  \\$aUk$cUk$dUk
=245  04$aThe Australian at Weymouth.
=260  \\$aWeymouth :$bA.I.F., Westham Camp,$c1918-1919.
=300  \\$av. :$bill. ;$c28 cm.
=310  \\$aMonthly
=336  \\$atext$2rdacontent
=337  \\$acomputer$2rdamedia
=338  \\$aonline$2rdacarrier
=362  0\$aNo. 1 (June 4, 1918)-no. 13 (June 20, 1919).
=500  \\$a"Circulating in the Westham, Littlemoor and Monte Video camps of the A.I.F."
=500  \\$aNews items of interest to invalided and recuperating Australian troops at Weymouth, with articles and anecdotes written by the troops.
=500  \\$aTitle from caption.
=540  \\$aCurrent copyright fee: GBP12.00$c0$5Uk
=610  10$aAustralia.$bAustralian Army.$bAustralian Imperial Force (1914-1921).$bCommand Depot, no. 2$vPeriodicals.
=650  \0$aSoldiers' writings, Australian$vPeriodicals.
=650  \0$aWorld War, 1914-1918$vHumor$vPeriodicals.
=650  \0$aWorld War, 1914-1918$vPeriodicals.
=650  \0$aWorld War, 1914-1918$xPropaganda.
=655  \4$aTrench journal
=710  1\$aAustralia.$bAustralian Army.$bAustralian Imperial Force (1914-1921).$bCommand Depot, no. 2.
=859  \\$aXLD$bWW1
=852  4\$cDRT$jDigital Store P.P.4039.wbi.(11.)$aBritish Library$bHMNTS$3No. 1 (4 June 1918)-no. 12 (17 May 1919)
=945  \\$aAUSTRALIAN AT WEYMOUTH.
=963  \\$aNO. 1, 1918- 5, 1918 *A=1$bN$cWRB.565
=979  \\$aBritish Library$bDSC$j1824.520000N
=985  \\$a650 0{dollar}aWorld War, 1914-1918{dollar}xPropaganda - Europeana Project LCSH. Propoganda is a point of view not allowed in LCsH.
=985  \\$aCorrected by MS generated file for WR# 12.037
=985  \\$aRecord merged by DQ team
=CAT  \\$aBATCH-DCW$b00$c20131218$lBLL01$h1459
=CAT  \\$aBATCH-DCW$b00$c20131218$lBLL01$h1509
=CAT  \\$aBATCH-DCW$b00$c20131218$lBLL01$h1515
=CAT  \\$aBATCH-DCW$b00$c20131218$lBLL01$h1522
=CAT  \\$aBATCH-DCW$b00$c20131218$lBLL01$h1603
=CAT  \\$aBATCH-DCW$b00$c20131218$lBLL01$h1609
=CAT  \\$aBATCH-DCW$b00$c20131218$lBLL01$h1616
=CAT  \\$aBATCH-DCW$b00$c20131218$lBLL01$h1623
=CAT  \\$aBATCH-DCW$b00$c20131218$lBLL01$h1629
=CAT  \\$aBATCH-DCW$b00$c20140120$lBLL01$h0032
=CAT  \\$aBATCH-DCW$b00$c20140120$lBLL01$h0058
=CAT  \\$aWR14.046$c20140417$lBLL01$h1726
=CAT  \\$aWR13.144/5$c20140418$lBLL01$h1049
=CAT  \\$aBATCH-RIGH$c20170607$lBLL01$h1816
=CAT  \\$aR1706-1834$c20170629$lBLL01$h1227
=FIN  \\$aY$d20131218
=LKR  \\$aPAR$lBLL01$r776$b000146829$mThe Australian at Weymouth.$nThe Australian at Weymouth.
=DGM  \\$a000146829$bCatBridge variable field
=DRT  \\$aWW1
=SRC  \\$aWW1$bEuropeana_Collections_1914-1918_20131211_1
=SRC  \\$aWW1$bEuropeana_Collections_1914-1918_20131211_2
=SRC  \\$aWW1$bEuropeana_Collections_1914-1918_20131211_3
=SRC  \\$aWW1$bEuropeana_Collections_1914-1918_20131211_4
=SRC  \\$aWW1$bEuropeana_Collections_1914-1918_20131212
=SRC  \\$aWW1$bEuropeana_Collections_1914-1918_20131212_1
=SRC  \\$aWW1$bEuropeana_Collections_1914-1918_20131212_2
=SRC  \\$aWW1$bEuropeana_Collections_1914-1918_20131212_3
=SRC  \\$aWW1$bEuropeana_Collections_1914-1918_20131212_4
=SRC  \\$aWW1$bEuropeana_Collections_1914-1918_20131212_5
=SRC  \\$aWW1$bEuropeana_Collections_1914-1918_20131219
=OHC  \\$a1
=LAS  \\$aR1706-1834$b00$c20170629$lBLL01$h1227

