=LDR  02611 as a2200637 a 4500
=001  016586495
=003  Uk
=005  20131218145910.0
=007  cr\mn\024mpada
=007  ta
=008  871217d19161919enkuu\p\s\\\\o00\\a0eng\\
=FMT  \\$a  SE
=019  c\$a2254769
=019  x\$a0142310069
=040  \\$aUk$cUk$dUk
=082  04$a940.4129405
=245  04$aThe 7th Field Artillery Brigade yandoo.
=246  13$a7th F.A.B. yandoo
=246  30$aYandoo
=264  \1$a[Lark-Hill, Salisbury Plains] :$b7 th F.A.B.,$c1916-1919.
=300  \\$a3 volumes ;$c(8º & folio)
=336  \\$atext$2rdacontent
=337  \\$acomputer$2rdamedia
=338  \\$aonline$2rdacarrier
=340  \\$m8vo$2rdabf
=340  \\$mfolio$2rdabf
=500  \\$aNews, sports items and anecdotes of the Brigade whilst on the troopship, in camp and in the firing line.
=540  \\$aCurrent copyright fee: GBP12.00$c0$5Uk
=610  10$aAustralia.$bAustralian Army.$bAustralian Imperial Force (1914-1921).$bField Artillery Brigade, 7th.$vPeriodicals.
=650  \0$aWorld War, 1914-1918$xPropaganda.
=655  \4$aTrench journal
=710  1\$aAustralia.$bAustralian Army.$bAustralian Imperial Force (1914-1921).$bField Artillery Brigade, 7th.
=859  \\$aXLD$bWW1
=852  4\$cDRT$jDigital Store P.P.4039.wde.$aBritish Library$bHMNTS$3Vol. 1, pt. 1 (June 19, 1916)-v. 3, pt. 10 (Mar. 20, 1919) ; Deficient: v. 2, pt. 1-3***Vol. 1 is a reissue of the original nos.
=945  \\$a7th Field Artillery Brigade Yandoo.
=979  \\$aBritish Library$bDSC$j9687.000000N
=985  \\$aDisaggregated record: Type B
=985  \\$aCorrected by MS generated file for WR# 1805-0738
=CAT  \\$aBATCH-DCW$b00$c20131218$lBLL01$h1459
=CAT  \\$aBATCH-DCW$b00$c20131218$lBLL01$h1509
=CAT  \\$aBATCH-DCW$b00$c20131218$lBLL01$h1515
=CAT  \\$aBATCH-DCW$b00$c20131218$lBLL01$h1522
=CAT  \\$aWR14.046$c20140417$lBLL01$h1726
=CAT  \\$aWR13.144/5$c20140418$lBLL01$h1049
=CAT  \\$a1805-0738$c20181228$lBLL01$h1836
=CAT  \\$a1805-0738$b00$c20181228$lBLL01$h1920
=FIN  \\$aY$d20131218
=LKR  \\$aPAR$lBLL01$r776$b000146848$mThe 7th Field Artillery Brigade yandoo.$nThe 7th Field Artillery Brigade yandoo.
=DGM  \\$a000146848$bCatBridge variable field
=DRT  \\$aWW1
=SRC  \\$aWW1$bEuropeana_Collections_1914-1918_20131211_1
=SRC  \\$aWW1$bEuropeana_Collections_1914-1918_20131211_2
=SRC  \\$aWW1$bEuropeana_Collections_1914-1918_20131211_3
=SRC  \\$aWW1$bEuropeana_Collections_1914-1918_20131211_4
=OHC  \\$a1
=LAS  \\$a1805-0738$b00$c20181228$lBLL01$h1920

