=LDR  02470 as a2200649 a 4500
=001  016586496
=003  Uk
=005  20131218145910.0
=007  cr\mn\024mpada
=007  ta
=008  880418d19151915gw\uu\p\s\\\\\00\\a0eng\\
=FMT  \\$a  SE
=019  c\$a2264963
=019  x\$a0263240185
=040  \\$aUk$cUk$dUk
=082  04$a940.47243$221
=245  00$aIn Ruhleben Camp.
=260  \\$aBerlin :$b[Camp Education Committee],$c1915.
=300  \\$av. :$bill. ports. ;$c21 cm.
=336  \\$atext$2rdacontent
=337  \\$acomputer$2rdamedia
=338  \\$aonline$2rdacarrier
=362  0\$aNo. 1 (June 6th 1915)-Xmas no. (1915).
=500  \\$aCamp humor, stories, events and sketches.
=515  \\$aNumber for Xmas 1915 lacks vol numbering but constitute no. [10].
=540  \\$aCurrent copyright fee: GBP12.00$c0$5Uk
=595  \\$aSee also card index.
=610  20$aRuhleben (Concentration camp)$vPeriodicals.
=650  \0$aConcentration camps$zGermany$vPeriodicals.
=650  \0$aWorld War, 1914-1918$xConcentration camps$zGermany$vPeriodicals.
=650  \0$aWorld War, 1914-1918$xPrisoners and prisons, British$vPeriodicals.
=650  \0$aWorld War, 1914-1918$xPrisoners and prisons, German$vPeriodicals.
=650  \0$aWorld War, 1914-1918$xPropaganda.
=655  \4$aTrench journal
=710  2\$aRuhleben (Concentration camp)
=785  00$aRuhleben Camp magazine
=859  \\$aXLD$bWW1
=852  4\$cDRT$jDigital Store P.P.4039.wum.(1.)$aBritish Library$bHMNTS$3No. 1 (June 1915)-no. 9 (Dec. 1915)
=945  \\$aIn Ruhleben Camp.
=963  \\$aNO. 1, 1915- 9, 1915 *A=1$bN$cWRC.575
=979  \\$aBritish Library$bDSC$j4372.451000N
=985  \\$a655 added globally for the Europeana Project.
=985  \\$aCorrected by BSS-generated file for WR# 10/107
=985  \\$aCorrected by MS generated file for WR# 12.037
=985  \\$aEnhanced by MS generated file for WR# 13/021
=CAT  \\$aBATCH-DCW$b00$c20131218$lBLL01$h1459
=CAT  \\$aWR14.046$c20140417$lBLL01$h1726
=CAT  \\$aWR13.144/5$c20140418$lBLL01$h1049
=CAT  \\$aBATCH-RIGH$c20170607$lBLL01$h1816
=CAT  \\$aR1706-1834$c20170629$lBLL01$h1227
=FIN  \\$aY$d20131218
=LKR  \\$aPAR$lBLL01$r776$b000289108$mIn Ruhleben Camp.$nIn Ruhleben Camp.
=DGM  \\$a000289108$bCatBridge variable field
=DRT  \\$aWW1
=SRC  \\$aWW1$bEuropeana_Collections_1914-1918_20131211_1
=OHC  \\$a1
=LAS  \\$aR1706-1834$b00$c20170629$lBLL01$h1227

