=LDR  02911 as a2200733 a 4500
=001  016586497
=003  Uk
=005  20131218145910.0
=007  cr\mn\024mpada
=007  ta
=008  880418d19161917gw\uu\p\s\\\\\00\\a0eng\\
=FMT  \\$a  SE
=019  c\$a2436841
=019  x\$a0263240207
=040  \\$aUk$cUk$dUk
=082  04$a940.47243$221
=245  04$aThe Ruhleben Camp magazine.
=260  \\$aBerlin :$bRuhleben Camp,$c1916-1917.
=300  \\$av. :$bill. ;$c21 cm.
=336  \\$atext$2rdacontent
=337  \\$acomputer$2rdamedia
=338  \\$aonline$2rdacarrier
=362  0\$aNo. 1 (March 1916)-no. 6 (June 1917).
=500  \\$aCamp humor, stories, events and sketches.
=540  \\$aCurrent copyright fee: GBP12.00$c0$5Uk
=540  \\$aPublic Domain$uhttp://creativecommons.org/publicdomain/mark/1.0
=595  \\$aSee also card index.
=610  20$aRuhleben (Concentration camp)$vPeriodicals.
=650  \0$aWorld War, 1914-1918$xCampaigns$zWestern Front.
=650  \0$aWorld War, 1914-1918$xParticipation, British$vPeriodicals.
=650  \0$aWorld War, 1914-1918$xPrisons and prisoners, German$vPeriodicals.
=650  \0$aWorld War, 1914-1918$zGermany$zRuhleben.
=655  \4$aTrench journal
=710  2\$aRuhleben (Concentration camp)
=780  00$tIn Ruhleben Camp
=859  \\$aXLD$bWW1
=852  4\$cDRT$jDigital Store P.P.4039.wum.(2.)$aBritish Library$bHMNTS$3No. 1 (March 1916)-no. 6 (June 1917)
=945  \\$aRuhleben Camp magazine.
=963  \\$aNO. 1, 1916- 5, 1916 *A=1$bN$cWRC.576.1
=979  \\$aBritish Library$bDSC$j8048.753000N
=985  \\$a655 added globally for the Europeana Project.
=985  \\$aCorrected by MS generated file for WR# 12.037
=985  \\$aEnhanced by MS generated file for WR# 12/139
=CAT  \\$aBATCH-DCW$b00$c20131218$lBLL01$h1459
=CAT  \\$aBATCH-DCW$b00$c20131218$lBLL01$h1509
=CAT  \\$aBATCH-DCW$b00$c20131218$lBLL01$h1515
=CAT  \\$aBATCH-DCW$b00$c20140120$lBLL01$h0058
=CAT  \\$aBATCH-DCW$b00$c20140120$lBLL01$h0221
=CAT  \\$aBATCH-DCW$b00$c20140120$lBLL01$h1712
=CAT  \\$aWR14.046$c20140417$lBLL01$h1726
=CAT  \\$aWR13.144/5$c20140418$lBLL01$h1049
=FIN  \\$aY$d20131218
=LKR  \\$aPAR$b000289108$lBLL01$r78000$mRuhleben Camp magazine$nIn Ruhleben Camp
=LKR  \\$aPAR$lBLL01$r776$b000289110$mThe Ruhleben Camp magazine.$nThe Ruhleben Camp magazine.
=DGM  \\$a000289110$bCatBridge variable field
=DRT  \\$aWW1
=SRC  \\$aWW1$bEuropeana_Collections_1914-1918_20131211
=SRC  \\$aWW1$bEuropeana_Collections_1914-1918_20131211_1
=SRC  \\$aWW1$bEuropeana_Collections_1914-1918_20131211_2
=SRC  \\$aWW1$bEuropeana_Collections_1914-1918_20131211_3
=SRC  \\$aWW1$bEuropeana_Collections_1914-1918_20131219
=SRC  \\$aWW1$bEuropeana_Collections_1914-1918_20140113
=OHC  \\$a1
=LAS  \\$aWR13.144/5$b00$c20140418$lBLL01$h1049

