=LDR  03230 as a22008053  4500
=001  016586498
=003  Uk
=005  20131218145910.0
=007  cr\mn\024mpada
=007  ta
=008  880726d19151916enkmr\p\s\\\\\00\\a0eng\\
=FMT  \\$a  SE
=019  x\$a0374570256
=040  \\$aUk$cUk$dUk
=245  00$aBoots Comrades in Khaki.
=264  \1$aNottingham :$bBoots,$c1915-1916.
=300  \\$av :$billustrations ;$c(8º)
=336  \\$atext$2rdacontent
=337  \\$acomputer$2rdamedia
=338  \\$aonline$2rdacarrier
=340  \\$m8vo$2rdabf
=362  0\$aVol. 1, no. 1 (April 1915)-v. 1, no. 12 (April & May 1916).
=500  \\$aNo more published.
=650  \0$aWorld War, 1914-1918.
=655  \4$aTrench journal
=710  2\$aBoots Pure Drug Company.
=859  \\$aXLD$bWW1
=852  4\$cDRT$jDigital Store P.P.4039.wss.$aBritish Library$bHMNTS
=985  \\$aCorrected by MS generated file for WR# 11/211
=985  \\$aEnhanced by MS generated file for WR# 12/139
=985  \\$aEnhanced by MS generated file for WR# 13/021
=985  \\$aEnhanced by MS generated file for WR# 13/054
=985  \\$aHeadings: World War, 1914-1918, and Trench journal added globally for the Europeana Project.
=985  \\$aCorrected by MS generated file for WR# 1805-0738
=CAT  \\$aBATCH-DCW$b00$c20131218$lBLL01$h1459
=CAT  \\$aBATCH-DCW$b00$c20131218$lBLL01$h1509
=CAT  \\$aBATCH-DCW$b00$c20131218$lBLL01$h1515
=CAT  \\$aBATCH-DCW$b00$c20131218$lBLL01$h1522
=CAT  \\$aBATCH-DCW$b00$c20131218$lBLL01$h1529
=CAT  \\$aBATCH-DCW$b00$c20131218$lBLL01$h1535
=CAT  \\$aBATCH-DCW$b00$c20131218$lBLL01$h1542
=CAT  \\$aBATCH-DCW$b00$c20131218$lBLL01$h1549
=CAT  \\$aBATCH-DCW$b00$c20131218$lBLL01$h1556
=CAT  \\$aBATCH-DCW$b00$c20131218$lBLL01$h1603
=CAT  \\$aBATCH-DCW$b00$c20140120$lBLL01$h0032
=CAT  \\$aBATCH-DCW$b00$c20140120$lBLL01$h1712
=CAT  \\$aWR14.046$c20140417$lBLL01$h1726
=CAT  \\$aWR13.144/5$c20140418$lBLL01$h1049
=CAT  \\$aBATCH-RIGH$c20170607$lBLL01$h1816
=CAT  \\$aR1706-1834$c20170629$lBLL01$h1227
=CAT  \\$a1805-0738$c20181228$lBLL01$h1836
=CAT  \\$a1805-0738$b00$c20181228$lBLL01$h1920
=FIN  \\$aY$d20131218
=LKR  \\$aPAR$lBLL01$r776$b000413865$mBoots Comrades in Khaki.$nBoots Comrades in Khaki.
=DGM  \\$a000413865$bCatBridge variable field
=DRT  \\$aWW1
=SRC  \\$aWW1$bEuropeana_Collections_1914-1918_20131211
=SRC  \\$aWW1$bEuropeana_Collections_1914-1918_20131211_1
=SRC  \\$aWW1$bEuropeana_Collections_1914-1918_20131211_2
=SRC  \\$aWW1$bEuropeana_Collections_1914-1918_20131211_3
=SRC  \\$aWW1$bEuropeana_Collections_1914-1918_20131211_4
=SRC  \\$aWW1$bEuropeana_Collections_1914-1918_20131211_5
=SRC  \\$aWW1$bEuropeana_Collections_1914-1918_20131211_6
=SRC  \\$aWW1$bEuropeana_Collections_1914-1918_20131211_7
=SRC  \\$aWW1$bEuropeana_Collections_1914-1918_20131211_8
=SRC  \\$aWW1$bEuropeana_Collections_1914-1918_20131211_9
=SRC  \\$aWW1$bEuropeana_Collections_1914-1918_20131212
=SRC  \\$aWW1$bEuropeana_Collections_1914-1918_20131212_1
=OHC  \\$a1
=LAS  \\$a1805-0738$b00$c20181228$lBLL01$h1920

