=LDR  03020 as a2200709 a 4500
=001  016586499
=003  Uk
=005  20131218145910.0
=007  cr\mn\024mpada
=007  ta
=008  880510d19141916uikuu\p\s\\\\\00\\b0eng\\
=FMT  \\$a  SE
=019  c\$a2262398
=019  x\$a0862230055
=040  \\$aUk$cUk$dUk
=245  00$aCamp Echo :$bHalbmonatsschrift für das Douglas Prisoner of War Camp.
=264  \1$aDouglas :$bPrinted (by authority) by S.K. Broadbent & Co. Ltd,$c1914-1916.
=300  \\$av :$billustrations ;$c(4º)
=336  \\$atext$2rdacontent
=337  \\$acomputer$2rdamedia
=338  \\$aonline$2rdacarrier
=340  \\$m4to$2rdabf
=540  \\$aCurrent copyright fee: GBP12.00$c0$5Uk
=610  20$aDouglas Aliens Detention Camp (Isle of Man)$vPeriodicals.
=650  \0$aAlien detention centers$zIsle of Man$zDouglas$vPeriodicals.
=650  \0$aAliens$zIsle of Man$zDouglas$vPeriodicals.
=650  \0$aCivilians in war$zIsle of Man$zDouglas$vPeriodicals.
=650  \0$aGermans$zGreat Britain$vPeriodicals.
=650  \0$aWorld War, 1914-1918$vPeriodicals.
=650  \0$aWorld War, 1914-1918$vPersonal narratives, German$vPeriodicals.
=650  \0$aWorld War, 1914-1918$xPropaganda.
=655  \4$aTrench journal
=710  2\$aDouglas Aliens Detention Camp (Isle of Man)
=859  \\$aXLD$bWW1
=852  4\$cDRT$jDigital Store P.P.4039.wu.(6.)$aBritish Library$bHMNTS$3No. 3 (March 1915)-no. 7 (Jan. 1916)
=945  \\$aCamp Echo.
=963  \\$aNO. 5, 1915- 7, 1916 *A=1$bN$cWRB.579
=979  \\$aBritish Library$bDSC$j3016.291000N
=985  \\$aCorrected by MS generated file for WR# 12.037
=985  \\$aEnhanced by MS generated file for WR# 12/139
=985  \\$aEnhanced by MS generated file for WR# 13/021
=985  \\$aEnhanced by MS generated file for WR# 13/054
=985  \\$aHeadings: World War, 1914-1918, Propaganda, and Trench journal added globally for the Europeana Project.
=985  \\$aCorrected by MS generated file for WR# 1805-0738
=CAT  \\$aBATCH-DCW$b00$c20131218$lBLL01$h1459
=CAT  \\$aBATCH-DCW$b00$c20131218$lBLL01$h1509
=CAT  \\$aBATCH-DCW$b00$c20131218$lBLL01$h1515
=CAT  \\$aBATCH-DCW$b00$c20140120$lBLL01$h1712
=CAT  \\$aWR14.046$c20140417$lBLL01$h1726
=CAT  \\$aWR13.144/5$c20140418$lBLL01$h1049
=CAT  \\$a1805-0738$c20181228$lBLL01$h1836
=CAT  \\$a1805-0738$b00$c20181228$lBLL01$h1920
=FIN  \\$aY$d20131218
=LKR  \\$aPAR$lBLL01$r776$b000972752$mCamp Echo : Halbmonatsschrift für das Douglas Prisoner of War Camp.$nCamp Echo : Halbmonatsschrift für das Douglas Prisoner of War Camp.
=DGM  \\$a000972752$bCatBridge variable field
=DRT  \\$aWW1
=SRC  \\$aWW1$bEuropeana_Collections_1914-1918_20131211
=SRC  \\$aWW1$bEuropeana_Collections_1914-1918_20131211_1
=SRC  \\$aWW1$bEuropeana_Collections_1914-1918_20131211_2
=SRC  \\$aWW1$bEuropeana_Collections_1914-1918_20131211_3
=OHC  \\$a1
=LAS  \\$a1805-0738$b00$c20181228$lBLL01$h1920

