=LDR  02411 as a22005893  4500
=001  016586500
=003  Uk
=005  20131218145910.0
=007  cr\mn\024mpada
=008  880726u1916uuuuxx\uu\p\s\\\\\00\\a0eng\\
=FMT  \\$a  SE
=019  x\$a0964440148
=040  \\$aUk$cUk
=245  04$aThe direct hit :$bmagazine of the 58th London Division.
=264  \1$aOn Active Service,$c1916-.
=300  \\$av :$billustrations ;$c(4º)
=336  \\$atext$2rdacontent
=337  \\$acomputer$2rdamedia
=338  \\$aonline$2rdacarrier
=340  \\$m4to$2rdabf
=362  0\$aVol. 1, no. 1 (Sept. 1916)-
=610  10$aGreat Britain.$bArmy.$bTerritorial Army.$bDivision, 58th (London)$vPeriodicals.
=650  \0$aSoldiers' writings, English$vPeriodicals.
=650  \0$aWorld War, 1914-1918$vHumor$vPeriodicals.
=650  \0$aWorld War, 1914-1918$xCampaigns$zWestern Front.
=650  \0$aWorld War, 1914-1918$zWestern Front$vPeriodicals.
=655  \4$aTrench journal
=710  1\$aGreat Britain.$bArmy.$bTerritorial Army.$bDivision, 58th (London)
=859  \\$aXLD$bWW1
=852  4\$cDRT$jDigital Store P.P.4039.wba.(4.)$aBritish Library$bHMNTS
=985  \\$a650 0{dollar}aWorld War, 1914-1918{dollar}xCampaigns{dollar}zWestern Front - Europeana Project LCSH.
=985  \\$aCorrected by BSS-generated file for WR# 08/145
=985  \\$aCorrected by MS generated file for WR# 11/211
=985  \\$aCorrected by MS generated file for WR# 1805-0738
=CAT  \\$aBATCH-DCW$b00$c20131218$lBLL01$h1459
=CAT  \\$aBATCH-DCW$b00$c20131218$lBLL01$h1509
=CAT  \\$aBATCH-DCW$b00$c20131218$lBLL01$h1515
=CAT  \\$aBATCH-DCW$b00$c20140120$lBLL01$h1712
=CAT  \\$aWR14.046$c20140417$lBLL01$h1726
=CAT  \\$aWR13.144/5$c20140418$lBLL01$h1049
=CAT  \\$a1805-0738$c20181228$lBLL01$h1836
=CAT  \\$a1805-0738$b00$c20181228$lBLL01$h1920
=FIN  \\$aY$d20131218
=LKR  \\$aPAR$lBLL01$r776$b001094798$mThe direct hit : magazine of the 58th London Division.$nThe direct hit : magazine of the 58th London Division.
=DGM  \\$a001094798$bCatBridge variable field
=DRT  \\$aWW1
=SRC  \\$aWW1$bEuropeana_Collections_1914-1918_20131211
=SRC  \\$aWW1$bEuropeana_Collections_1914-1918_20131211_1
=SRC  \\$aWW1$bEuropeana_Collections_1914-1918_20131211_2
=SRC  \\$aWW1$bEuropeana_Collections_1914-1918_20131211_3
=OHC  \\$a1
=LAS  \\$a1805-0738$b00$c20181228$lBLL01$h1920

