=LDR  03299 as a22008053  4500
=001  016586501
=003  Uk
=005  20131218145910.0
=007  cr\mn\024mpada
=008  880726d191619uuenkmu\p\s\\\\o00\\a0eng\\
=FMT  \\$a  SE
=019  x\$a0964810034
=040  \\$aUk$cUk
=245  00$aSalut poilu :$b(Hello comrade)
=264  \1$aBeverley :$b[s.n.],$c1916-.
=300  \\$av :$billustrations ;$c(4º)
=310  \\$aMonthly
=336  \\$atext$2rdacontent
=337  \\$acomputer$2rdamedia
=338  \\$aonline$2rdacarrier
=340  \\$m4to$2rdabf
=362  0\$aVol. 1, no. 1 (Jan. 1916)-
=500  \\$a"Being a regimental magazine."
=650  \0$aSoldiers' writings, English$vPeriodicals.
=650  \0$aWorld War, 1914-1918$vHumor$vPeriodicals.
=650  \0$aWorld War, 1914-1918$zGreat Britain.
=655  \4$aJournal (periodicals)
=710  1\$aGreat Britain.$bArmy.$bQueen's Own Yorkshire Dragoons, 2nd Regt., 1st Line.
=859  \\$aXLD$bWW1
=852  4\$cDRT$jDigital Store P.P.4039.wkl.(1.)$aBritish Library$bHMNTS$3Vol. 1, no. 1 (Jan. 1916)
=985  \\$aCorrected by BSS-generated file for WR# 08/145
=985  \\$aCorrected by MS generated file for WR# 12.037
=985  \\$aEnhanced by MS generated file for WR# 12/139
=985  \\$aEnhanced by MS generated file for WR# 13/021
=985  \\$aEnhanced by MS generated file for WR# 13/054
=985  \\$aCorrected by MS generated file for WR# 1805-0738
=CAT  \\$aBATCH-DCW$b00$c20131218$lBLL01$h1459
=CAT  \\$aBATCH-DCW$b00$c20131218$lBLL01$h1603
=CAT  \\$aBATCH-DCW$b00$c20131218$lBLL01$h1609
=CAT  \\$aBATCH-DCW$b00$c20131218$lBLL01$h1616
=CAT  \\$aBATCH-DCW$b00$c20131218$lBLL01$h1623
=CAT  \\$aBATCH-DCW$b00$c20131218$lBLL01$h1704
=CAT  \\$aBATCH-DCW$b00$c20131218$lBLL01$h1711
=CAT  \\$aBATCH-DCW$b00$c20131218$lBLL01$h1718
=CAT  \\$aBATCH-DCW$b00$c20131218$lBLL01$h1725
=CAT  \\$aBATCH-DCW$b00$c20131218$lBLL01$h1732
=CAT  \\$aBATCH-DCW$b00$c20140120$lBLL01$h0032
=CAT  \\$aWR14.046$c20140417$lBLL01$h1726
=CAT  \\$aWR13.144/5$c20140418$lBLL01$h1049
=CAT  \\$aBATCH-DCW$b00$c20151231$lBLL01$h1304
=CAT  \\$a1805-0738$c20181228$lBLL01$h1836
=CAT  \\$a1805-0738$b00$c20181228$lBLL01$h1920
=FIN  \\$aY$d20131218
=LKR  \\$aPAR$lBLL01$r776$b001095984$mSalut poilu : (Hello comrade)$nSalut poilu : (Hello comrade)
=DGM  \\$a001095984$bCatBridge variable field
=DRT  \\$aWW1
=SRC  \\$aWW1$bEuropeana_Collections_1914-1918_20131211_1
=SRC  \\$aWW1$bEuropeana_Collections_1914-1918_20131212
=SRC  \\$aWW1$bEuropeana_Collections_1914-1918_20131212_1
=SRC  \\$aWW1$bEuropeana_Collections_1914-1918_20131212_2
=SRC  \\$aWW1$bEuropeana_Collections_1914-1918_20131212_3
=SRC  \\$aWW1$bEuropeana_Collections_1914-1918_20131212_4
=SRC  \\$aWW1$bEuropeana_Collections_1914-1918_20131213_1
=SRC  \\$aWW1$bEuropeana_Collections_1914-1918_20131213_2
=SRC  \\$aWW1$bEuropeana_Collections_1914-1918_20131213_3
=SRC  \\$aWW1$bEuropeana_Collections_1914-1918_20131213_4
=SRC  \\$aWW1$bEuropeana_Collections_1914-1918_20131213_5
=SRC  \\$aWW1$bEuropeana_Collections_1914-1918_20140508
=OHC  \\$a1
=LAS  \\$a1805-0738$b00$c20181228$lBLL01$h1920

