=LDR  04399 as a2201033 a 4500
=001  016586502
=003  Uk
=005  20131218145910.0
=007  cr\mn\024mpada
=007  ta
=008  941206d19151916enkuu\p\s\\\\o00\\a0eng\\
=FMT  \\$a  SE
=019  c\$a2264455
=019  x\$a0970330243
=040  \\$aUk$cUk$dUk
=245  04$aThe Gasper.
=264  \1$aSalisbury :$b[s.n.],$c1915-1916.
=300  \\$c(folio)
=336  \\$atext$2rdacontent
=337  \\$acomputer$2rdamedia
=338  \\$aonline$2rdacarrier
=340  \\$mfolio$2rdabf
=362  1\$aBegan with v. [3], no. 1 (Sept. 10, 1915); ceased with v. [3], no. 21 (Sept. 30, 1916).
=500  \\$aThe unofficial organ of Royal Fusiliers (City of London Regiment). 18th-21st Battalions (Universities and Public Schools Brigade)
=540  \\$aCurrent copyright fee: GBP12.00$c0$5Uk
=595  \\$aFORMERLY 6579.0215N.
=610  10$aGreat Britain.$bArmy.$bRoyal Fusiliers$vPeriodicals.
=650  \0$aWorld War, 1914-1918$xPropaganda.
=655  \4$aTrench journal
=710  1\$aGreat Britain.$bArmy.$bRoyal Fusiliers (City of London Regiment).
=780  00$tPow-wow
=859  \\$aXLD$bWW1
=852  4\$cDRT$jDigital Store P.P.4039.wg.(8.)$aBritish Library$bHMNTS
=945  \\$aGasper -Salisbury-.
=963  \\$aNO. 10, 1915 *A=1; 12, [191?]- 21, 1916 *A=1$bN$cWRA.487
=979  \\$aBritish Library$bDSC$j4087.730000N
=985  \\$aCorrected by BSS-generated file for WR# 08/145
=985  \\$aCorrected by BSS-generated file for WR# 11/211
=985  \\$aCorrected by MS generated file for WR# 12.037
=985  \\$aDisaggregated record: Type B
=985  \\$aEnhanced by MS generated file for WR# 12/139
=985  \\$aHeadings: World War, 1914-1918 Propaganda; and Trench journal added globally for the Europeana Project.
=985  \\$aCorrected by MS generated file for WR# 1805-0738
=CAT  \\$aBATCH-DCW$b00$c20131218$lBLL01$h1459
=CAT  \\$aBATCH-DCW$b00$c20131218$lBLL01$h1509
=CAT  \\$aBATCH-DCW$b00$c20131218$lBLL01$h1603
=CAT  \\$aBATCH-DCW$b00$c20131218$lBLL01$h1609
=CAT  \\$aBATCH-DCW$b00$c20131218$lBLL01$h1616
=CAT  \\$aBATCH-DCW$b00$c20131218$lBLL01$h1623
=CAT  \\$aBATCH-DCW$b00$c20131218$lBLL01$h1629
=CAT  \\$aBATCH-DCW$b00$c20131218$lBLL01$h1636
=CAT  \\$aBATCH-DCW$b00$c20131218$lBLL01$h1643
=CAT  \\$aBATCH-DCW$b00$c20131218$lBLL01$h1650
=CAT  \\$aBATCH-DCW$b00$c20131218$lBLL01$h1657
=CAT  \\$aBATCH-DCW$b00$c20131218$lBLL01$h1704
=CAT  \\$aBATCH-DCW$b00$c20131218$lBLL01$h1711
=CAT  \\$aBATCH-DCW$b00$c20131218$lBLL01$h1718
=CAT  \\$aBATCH-DCW$b00$c20131218$lBLL01$h1725
=CAT  \\$aBATCH-DCW$b00$c20131218$lBLL01$h1732
=CAT  \\$aBATCH-DCW$b00$c20140120$lBLL01$h0032
=CAT  \\$aWR14.046$c20140417$lBLL01$h1726
=CAT  \\$aWR13.144/5$c20140418$lBLL01$h1049
=CAT  \\$aBATCH-UPD$b00$c20150520$lBLL01$h1027
=CAT  \\$a1805-0738$c20181228$lBLL01$h1836
=CAT  \\$a1805-0738$b00$c20181228$lBLL01$h1920
=FIN  \\$aY$d20131218
=LKR  \\$aPAR$b001097141$lBLL01$r78000$mGasper$nPow-wow
=LKR  \\$aPAR$lBLL01$r776$b001097142$mThe Gasper.$nThe Gasper.
=DGM  \\$a001097142$bCatBridge variable field
=DRT  \\$aWW1
=SRC  \\$aWW1$bEuropeana_Collections_1914-1918_20131211_1
=SRC  \\$aWW1$bEuropeana_Collections_1914-1918_20131211_2
=SRC  \\$aWW1$bEuropeana_Collections_1914-1918_20131212
=SRC  \\$aWW1$bEuropeana_Collections_1914-1918_20131212_1
=SRC  \\$aWW1$bEuropeana_Collections_1914-1918_20131212_2
=SRC  \\$aWW1$bEuropeana_Collections_1914-1918_20131212_3
=SRC  \\$aWW1$bEuropeana_Collections_1914-1918_20131212_4
=SRC  \\$aWW1$bEuropeana_Collections_1914-1918_20131212_5
=SRC  \\$aWW1$bEuropeana_Collections_1914-1918_20131212_6
=SRC  \\$aWW1$bEuropeana_Collections_1914-1918_20131212_7
=SRC  \\$aWW1$bEuropeana_Collections_1914-1918_20131212_8
=SRC  \\$aWW1$bEuropeana_Collections_1914-1918_20131212_9
=SRC  \\$aWW1$bEuropeana_Collections_1914-1918_20131213_1
=SRC  \\$aWW1$bEuropeana_Collections_1914-1918_20131213_2
=SRC  \\$aWW1$bEuropeana_Collections_1914-1918_20131213_3
=SRC  \\$aWW1$bEuropeana_Collections_1914-1918_20131213_4
=SRC  \\$aWW1$bEuropeana_Collections_1914-1918_20131213_5
=OHC  \\$a1
=LAS  \\$a1805-0738$b00$c20181228$lBLL01$h1920

