=LDR  03812 as a22009133  4500
=001  016586503
=003  Uk
=005  20131218145910.0
=007  cr\mn\024mpada
=007  ta
=008  941208d19161917mm\wr\p\s\\\\o00\\a0eng\\
=FMT  \\$a  SE
=019  x\$a0970730039
=040  \\$aUk$cUk$dUk
=245  04$aThe Ghain Tuffieha gazette.
=264  \1$aGhain Tuffieha :$bHospital Camp,$c1916-1917.
=300  \\$av ;$c(folio)
=336  \\$atext$2rdacontent
=337  \\$acomputer$2rdamedia
=338  \\$aonline$2rdacarrier
=340  \\$mfolio$2rdabf
=362  0\$aNo. 1 (17 Nov. 1916)-no. 22 (14 April, 1917)
=650  \0$aWorld War, 1914-1918$xPropaganda.
=655  \4$aTrench journal
=710  1\$aGreat Britain.$bArmy.$bHospital Camp (Ghain Tuffieha, Malta)
=785  00$tMalta Military mail
=859  \\$aXLD$bWW1
=852  4\$cDRT$jDigital Store P.P.4039.yf.(3.)$aBritish Library$bHMNTS
=985  \\$aCorrected by BSS-generated file for WR# 08/145
=985  \\$aCorrected by MS generated file for WR# 12.037
=985  \\$aDisaggregated record: Type B
=985  \\$aHeadings: World War, 1914-1918, Propaganda, and Trench journal added globally for the Europeana Project.
=985  \\$aCorrected by MS generated file for WR# 1805-0738
=CAT  \\$aBATCH-DCW$b00$c20131218$lBLL01$h1459
=CAT  \\$aBATCH-DCW$b00$c20131218$lBLL01$h1509
=CAT  \\$aBATCH-DCW$b00$c20131218$lBLL01$h1515
=CAT  \\$aBATCH-DCW$b00$c20131218$lBLL01$h1522
=CAT  \\$aBATCH-DCW$b00$c20131218$lBLL01$h1529
=CAT  \\$aBATCH-DCW$b00$c20131218$lBLL01$h1535
=CAT  \\$aBATCH-DCW$b00$c20131218$lBLL01$h1603
=CAT  \\$aBATCH-DCW$b00$c20131218$lBLL01$h1609
=CAT  \\$aBATCH-DCW$b00$c20131218$lBLL01$h1616
=CAT  \\$aBATCH-DCW$b00$c20131218$lBLL01$h1623
=CAT  \\$aBATCH-DCW$b00$c20131218$lBLL01$h1629
=CAT  \\$aBATCH-DCW$b00$c20131218$lBLL01$h1636
=CAT  \\$aBATCH-DCW$b00$c20131218$lBLL01$h1643
=CAT  \\$aBATCH-DCW$b00$c20131218$lBLL01$h1650
=CAT  \\$aBATCH-DCW$b00$c20131218$lBLL01$h1657
=CAT  \\$aBATCH-DCW$b00$c20140120$lBLL01$h0032
=CAT  \\$aBATCH-DCW$b00$c20140120$lBLL01$h1712
=CAT  \\$aWR14.046$c20140417$lBLL01$h1726
=CAT  \\$aWR13.144/5$c20140418$lBLL01$h1049
=CAT  \\$aBATCH-DCW$b00$c20151231$lBLL01$h1304
=CAT  \\$a1805-0738$c20181228$lBLL01$h1836
=CAT  \\$a1805-0738$b00$c20181228$lBLL01$h1920
=FIN  \\$aY$d20131218
=LKR  \\$aPAR$lBLL01$r776$b001098267$mThe Ghain Tuffieha gazette.$nThe Ghain Tuffieha gazette.
=DGM  \\$a001098267$bCatBridge variable field
=DRT  \\$aWW1
=SRC  \\$aWW1$bEuropeana_Collections_1914-1918_20131211
=SRC  \\$aWW1$bEuropeana_Collections_1914-1918_20131211_1
=SRC  \\$aWW1$bEuropeana_Collections_1914-1918_20131211_2
=SRC  \\$aWW1$bEuropeana_Collections_1914-1918_20131211_3
=SRC  \\$aWW1$bEuropeana_Collections_1914-1918_20131211_4
=SRC  \\$aWW1$bEuropeana_Collections_1914-1918_20131211_5
=SRC  \\$aWW1$bEuropeana_Collections_1914-1918_20131211_6
=SRC  \\$aWW1$bEuropeana_Collections_1914-1918_20131212
=SRC  \\$aWW1$bEuropeana_Collections_1914-1918_20131212_1
=SRC  \\$aWW1$bEuropeana_Collections_1914-1918_20131212_2
=SRC  \\$aWW1$bEuropeana_Collections_1914-1918_20131212_3
=SRC  \\$aWW1$bEuropeana_Collections_1914-1918_20131212_4
=SRC  \\$aWW1$bEuropeana_Collections_1914-1918_20131212_5
=SRC  \\$aWW1$bEuropeana_Collections_1914-1918_20131212_6
=SRC  \\$aWW1$bEuropeana_Collections_1914-1918_20131212_7
=SRC  \\$aWW1$bEuropeana_Collections_1914-1918_20131212_8
=SRC  \\$aWW1$bEuropeana_Collections_1914-1918_20131212_9
=SRC  \\$aWW1$bEuropeana_Collections_1914-1918_20140508
=OHC  \\$a1
=LAS  \\$a1805-0738$b00$c20181228$lBLL01$h1920

