=LDR  02133 as a2200589 a 4500
=001  016586504
=003  Uk
=005  20131218145910.0
=007  cr\mn\024mpada
=007  ta
=008  960828d19161916enkuu\p\s\\\\o00\\a0eng\\
=FMT  \\$a  SE
=019  x\$a0970850166
=040  \\$aUk$cUk$dUk
=110  1\$aGreat Britain.$bArmy.
=245  10$aStars for Subalterns.
=246  13$aHalton Camp magazine
=264  \1$a[Great Britain] :$bHalton Camp,$c1916.
=300  \\$av ;$c(8º)
=336  \\$atext$2rdacontent
=337  \\$acomputer$2rdamedia
=338  \\$aonline$2rdacarrier
=340  \\$m8vo$2rdabf
=362  0\$aNo. 1 (Feb. 1916)-no. 4 (April. 1916)
=500  \\$aNo more published.
=650  \0$aWorld War, 1914-1918$xPropaganda.
=655  \4$aTrench journal
=859  \\$aXLD$bWW1
=852  4\$cDRT$jDigital Store P.P.4039.wkf.(6.)$aBritish Library$bHMNTS$3No. 1 (Feb. 1916)-no. 4 (April. 1916)
=985  \\$aCorrected by BSS-generated file for WR# 08/145
=985  \\$aCorrected by MS generated file for WR# 12.037
=985  \\$aEnhanced by MS generated file for WR# 13/021
=985  \\$aHeadings added for the Europeana Project.
=985  \\$aCorrected by MS generated file for WR# 1805-0738
=CAT  \\$aBATCH-DCW$b00$c20131218$lBLL01$h1459
=CAT  \\$aBATCH-DCW$b00$c20131218$lBLL01$h1603
=CAT  \\$aBATCH-DCW$b00$c20131218$lBLL01$h1704
=CAT  \\$aBATCH-DCW$b00$c20140120$lBLL01$h0032
=CAT  \\$aWR14.046$c20140417$lBLL01$h1726
=CAT  \\$aWR13.144/5$c20140418$lBLL01$h1049
=CAT  \\$a1805-0738$c20181228$lBLL01$h1836
=CAT  \\$a1805-0738$b00$c20181228$lBLL01$h1920
=FIN  \\$aY$d20131218
=LKR  \\$aPAR$lBLL01$r776$b001098631$mStars for Subalterns.$nStars for Subalterns.
=DGM  \\$a001098631$bCatBridge variable field
=DRT  \\$aWW1
=SRC  \\$aWW1$bEuropeana_Collections_1914-1918_20131211_1
=SRC  \\$aWW1$bEuropeana_Collections_1914-1918_20131212
=SRC  \\$aWW1$bEuropeana_Collections_1914-1918_20131212_1
=SRC  \\$aWW1$bEuropeana_Collections_1914-1918_20131213_1
=OHC  \\$a1
=LAS  \\$a1805-0738$b00$c20181228$lBLL01$h1920

