=LDR  02066 as a2200493 a 4500
=001  016586505
=003  Uk
=005  20131218145910.0
=007  cr\mn\024mpada
=007  ta
=008  981012d19151918fr\uu\p\s\\\\o00\\b0eng\\
=FMT  \\$a  SE
=019  x\$a1133550088
=040  \\$aUk$cUk$dUk
=245  03$aLe Canard du Boyau :$bbulletin officieux de la 74e Demi-Brigade.
=260  \\$a[France] :$b74e Régiment d'infanterie,$c1915-1918.
=300  \\$av. :$bill. ;$c32 cm.
=336  \\$atext$2rdacontent
=337  \\$acomputer$2rdamedia
=338  \\$aonline$2rdacarrier
=362  1\$aBegan with n° 1 (août/sept. 1915); ceased with 4e année, n° 18 (oct./déc. 1918).
=500  \\$aOn active service.
=610  10$aFrance.$bArmée.$bRégiment d'infanterie, 74e$vPeriodicals.
=650  \0$aWorld War, 1914-1918$xPropaganda.
=650  \0$aWorld War, 1914-1918$xRegimental histories$zFrance$vPeriodicals.
=650  \0$aWorld War, 1914-1918$zFrance$vPeriodicals.
=655  \4$aTrench journal
=710  1\$aFrance.$bArmée.$bRégiment d'infanterie, 74e.
=859  \\$aXLD$bWW1
=852  4\$cDRT$jDigital Store P.P.4039.y.(3.)$aBritish Library$bHMNTS$3No. 3 (Dec. 1915)- ; Deficient no. 4, no. 6
=985  \\$aCorrected by MS generated file for WR# 12.037
=985  \\$aEnhanced by MS generated file for WR# 13/021
=985  \\$aEnhanced by MS generated file for WR# 13/054
=985  \\$aHeadings: World War, 1914-1918, Propaganda, and Trench journal added globally for the Europeana Project.
=CAT  \\$aBATCH-DCW$b00$c20131218$lBLL01$h1459
=CAT  \\$aWR14.046$c20140417$lBLL01$h1726
=CAT  \\$aWR13.144/5$c20140418$lBLL01$h1049
=FIN  \\$aY$d20131218
=LKR  \\$aPAR$lBLL01$r776$b001295085$mLe Canard du Boyau : bulletin officieux de la 74e Demi-Brigade.$nLe Canard du Boyau : bulletin officieux de la 74e Demi-Brigade.
=DGM  \\$a001295085$bCatBridge variable field
=DRT  \\$aWW1
=SRC  \\$aWW1$bEuropeana_Collections_1914-1918_20131211_1
=OHC  \\$a1
=LAS  \\$aWR13.144/5$b00$c20140418$lBLL01$h1049

