=LDR  02234 as a2200553 a 4500
=001  016586506
=003  Uk
=005  20131218145910.0
=007  cr\mn\024mpada
=007  ta
=008  880818d19151916fr\\x\p\s\\\\o00\\b0fre\\
=FMT  \\$a  SE
=019  x\$a1133620205
=040  \\$aUk$cUk$dUk
=245  00$aLe Midi au Front :$bjournal du 296e d'Infanterie et des troupes de la Brigade.
=264  \1$aToulouse :$b[s.n.],$c1915-1916.
=300  \\$av ;$c(folio)
=336  \\$atext$2rdacontent
=337  \\$acomputer$2rdamedia
=338  \\$aonline$2rdacarrier
=340  \\$mfolio$2rdabf
=362  1\$aBegan in Mai 1915, ceased in 1916.
=500  \\$aPublished "Où et quand il peut."
=650  \0$aWorld War, 1914-1918$xPropaganda.
=655  \4$aTrench journal
=710  1\$aFrance.$bArmée.$bRégiment d'infanterie, 296e.
=859  \\$aXLD$bWW1
=852  4\$cDRT$jDigital Store P.P.4039.yc.(3.)$aBritish Library$bHMNTS$3No. 6 (Avril, 1916), no. 8 (25 Mai 1916)
=985  \\$aCorrected by MS generated file for WR# 12.037
=985  \\$aEnhanced by MS generated file for WR# 13/021
=985  \\$aEnhanced by MS generated file for WR# 13/054
=985  \\$aHeadings: World War, 1914-1918, Propaganda, and Trench journal added globally for the Europeana Project.
=985  \\$aCorrected by MS generated file for WR# 1805-0738
=CAT  \\$aBATCH-DCW$b00$c20131218$lBLL01$h1459
=CAT  \\$aBATCH-DCW$b00$c20131218$lBLL01$h1603
=CAT  \\$aWR14.046$c20140417$lBLL01$h1726
=CAT  \\$aWR13.144/5$c20140418$lBLL01$h1049
=CAT  \\$aBATCH-RIGH$c20170607$lBLL01$h1816
=CAT  \\$aR1706-1834$c20170629$lBLL01$h1227
=CAT  \\$a1805-0738$c20181228$lBLL01$h1836
=CAT  \\$a1805-0738$b00$c20181228$lBLL01$h1920
=FIN  \\$aY$d20131218
=LKR  \\$aPAR$lBLL01$r776$b001295316$mLe Midi au Front : journal du 296e d'Infanterie et des troupes de la Brigade.$nLe Midi au Front : journal du 296e d'Infanterie et des troupes de la Brigade.
=DGM  \\$a001295316$bCatBridge variable field
=DRT  \\$aWW1
=SRC  \\$aWW1$bEuropeana_Collections_1914-1918_20131211_1
=SRC  \\$aWW1$bEuropeana_Collections_1914-1918_20131212_1
=OHC  \\$a1
=LAS  \\$a1805-0738$b00$c20181228$lBLL01$h1920

