=LDR  02696 as a2200625 a 4500
=001  016586507
=003  Uk
=005  20131218145910.0
=007  cr\mn\024mpada
=007  ta
=008  881230d19151916uikuu\p\s\\\\\00\\b0ger\\
=FMT  \\$a  SE
=019  c\$a2266266
=019  x\$a1762960133
=040  \\$aUk$cUk$dUk
=245  00$aQuousque Tandem! :$bIllustrierte Zeitschrift für das Kriegsgefangenenlager, Knockaloe, Isle of Man. Okt.
=246  30$aIllustrierte Zeitschrift für das Kriegsgefangenen Lager Knockaloe, Isle of Man
=260  \\$aKnockaloe :$b[Kriegsgefangenen Lager Knockaloe],$c1915-1916.
=300  \\$av. :$bill. ;$c29 cm.
=336  \\$atext$2rdacontent
=337  \\$acomputer$2rdamedia
=338  \\$aonline$2rdacarrier
=362  1\$aBegan in Sept. 1915; ceased in 1916.
=540  \\$aCurrent copyright fee: GBP12.00$c0$5Uk
=610  20$aKnockaloe (Concentration camp)$vPeriodicals.
=650  \0$aPrisoners of war$zGermany$vPeriodicals.
=650  \0$aPrisoners of war$zIsle of Man$vPeriodicals.
=650  \0$aWorld War, 1914-1918$xPrisoners and prisons, British$vPeriodicals.
=650  \0$aWorld War, 1914-1918$xPropaganda.
=655  \4$aTrench journal
=710  2\$aKnockaloe (Concentration camp)
=859  \\$aXLD$bWW1
=852  4\$cDRT$jDigital Store P.P.4039.wu.(3.)$aBritish Library$bHMNTS$3Nov. 1915
=945  \\$aQuousque Tandem.
=963  \\$aOCT. 1915- NOV. 1915 *A=1$bN$cWRB.458
=979  \\$aBritish Library$bDSC$j7218.273700N
=985  \\$aCorrected by BSS-generated file for WR# 10/107
=985  \\$aCorrected by MS generated file for WR# 12.037
=985  \\$aEnhanced by MS generated file for WR# 13/021
=985  \\$aEnhanced by MS generated file for WR# 13/054
=985  \\$aHeadings: World War, 1914-1918, Propaganda, and Trench journal added globally for the Europeana Project.
=CAT  \\$aBATCH-DCW$b00$c20131218$lBLL01$h1459
=CAT  \\$aBATCH-DCW$b00$c20140120$lBLL01$h1712
=CAT  \\$aWR14.046$c20140417$lBLL01$h1726
=CAT  \\$aWR13.144/5$c20140418$lBLL01$h1049
=CAT  \\$aBATCH-RIGH$c20170607$lBLL01$h1816
=CAT  \\$aR1706-1834$c20170629$lBLL01$h1227
=FIN  \\$aY$d20131218
=LKR  \\$aPAR$lBLL01$r776$b001990581$mQuousque Tandem! : Illustrierte Zeitschrift für das Kriegsgefangenenlager, Knockaloe, Isle of Man. Okt.$nQuousque Tandem! : Illustrierte Zeitschrift für das Kriegsgefangenenlager, Knockaloe, Isle of Man. Okt.
=DGM  \\$a001990581$bCatBridge variable field
=DRT  \\$aWW1
=SRC  \\$aWW1$bEuropeana_Collections_1914-1918_20131211
=SRC  \\$aWW1$bEuropeana_Collections_1914-1918_20131211_1
=OHC  \\$a1
=LAS  \\$aR1706-1834$b00$c20170629$lBLL01$h1227

