=LDR  02011 as a22005533  4500
=001  016586508
=003  Uk
=005  20131218145911.0
=007  cr\mn\024mpada
=007  ta
=008  881230d19151915uikuu\p\s\\\\\00\\b0eng\\
=FMT  \\$a  SE
=019  x\$a1762960141
=040  \\$aUk$cUk$dUk
=245  00$aWerden.
=264  \1$aKnockaloe :$b[Knockaloe Aliens' Detention Camp],$c1915.
=300  \\$av ;$c(4º)
=336  \\$atext$2rdacontent
=337  \\$acomputer$2rdamedia
=338  \\$aonline$2rdacarrier
=340  \\$m4to$2rdabf
=362  0\$aNo. 1 (Ostern 1915)-no. 2 (Mai 1915).
=500  \\$aThe magazine of the Knockaloe Aliens' Detention Camp.
=610  20$aKnockaloe (Concentration camp)$vPeriodicals.
=650  \0$aWorld War, 1914-1918$xPropaganda.
=655  \4$aTrench journal
=710  2\$aKnockaloe (Concentration camp)
=859  \\$aXLD$bWW1
=852  4\$cDRT$jDigital Store P.P.4039.wu.(1.)$aBritish Library$bHMNTS
=985  \\$aCorrected by BSS-generated file for WR# 10/107
=985  \\$aCorrected by MS generated file for WR# 12.037
=985  \\$aEnhanced by MS generated file for WR# 13/021
=985  \\$aEnhanced by MS generated file for WR# 13/054
=985  \\$aHeadings: World War, 1914-1918, Propaganda, and Trench journal added globally for the Europeana Project.
=985  \\$aCorrected by MS generated file for WR# 1805-0738
=CAT  \\$aBATCH-DCW$b00$c20131218$lBLL01$h1459
=CAT  \\$aWR14.046$c20140417$lBLL01$h1726
=CAT  \\$aWR13.144/5$c20140418$lBLL01$h1049
=CAT  \\$aBATCH-RIGH$c20170607$lBLL01$h1816
=CAT  \\$aR1706-1834$c20170629$lBLL01$h1227
=CAT  \\$a1805-0738$c20181228$lBLL01$h1836
=CAT  \\$a1805-0738$b00$c20181228$lBLL01$h1920
=FIN  \\$aY$d20131218
=LKR  \\$aPAR$lBLL01$r776$b001990582$mWerden.$nWerden.
=DGM  \\$a001990582$bCatBridge variable field
=DRT  \\$aWW1
=SRC  \\$aWW1$bEuropeana_Collections_1914-1918_20131211_1
=OHC  \\$a1
=LAS  \\$a1805-0738$b00$c20181228$lBLL01$h1920

