=LDR  02214 as a22005053  4500
=001  016586509
=003  Uk
=005  20131218145911.0
=007  cr\mn\024mpada
=008  890503u1918||||gw\|||p|s|\\\\||\\||eng\\
=FMT  \\$a  SE
=019  x\$a2042450227
=040  \\$aUk$cUk
=100  1\$aMacArthur, R.
=245  14$aThe Occasional Review. no. 1. 28 Aug. 1918. Editors: R. McArthur. Assistant Ed.: P. Warren. (First and only number.) [Produced by officers in a prisoner-of-war camp at Holzminden.]
=264  \1$a[Holzminden],$c1918.
=300  \\$a20 pages ;$c(8º)
=336  \\$atext$2rdacontent
=337  \\$acomputer$2rdamedia
=338  \\$aonline$2rdacarrier
=340  \\$m8vo$2rdabf
=650  \0$aWorld War, 1914-1918$xPropaganda.
=655  \4$aPamphlet
=700  1\$aWARREN, P.,$cLieut.
=720  \\$aOCCASIONAL REVIEW
=859  \\$aXLD$bWW1
=886  2\$2blmarc$a709$b00$aOCCASIONAL REVIEW$pP.P.8007.ka.$x2401270132
=886  2\$2blmarc$a709$b00$aWARREN$hP.$fLieut.$pP.P.8007.ka.$x3452770257
=852  4\$cDRT$jDigital Store P.P.8007.ka.$aBritish Library$bHMNTS
=985  \\$aCorrected by BSS-generated file for WR# 11/211
=985  \\$aCorrected by MS generated file for WR# 12.037
=985  \\$aEnhanced by MS generated file for WR# 12/139
=985  \\$aCorrected by MS generated file for WR# 1805-0738
=CAT  \\$aBATCH-DCW$b00$c20131218$lBLL01$h1459
=CAT  \\$aWR14.046$c20140417$lBLL01$h1726
=CAT  \\$aWR13.144/5$c20140418$lBLL01$h1049
=CAT  \\$a1805-0738$c20181228$lBLL01$h1836
=CAT  \\$a1805-0738$b00$c20181228$lBLL01$h1920
=FIN  \\$aY$d20131218
=LKR  \\$aPAR$lBLL01$r776$b002302171$mThe Occasional Review. no. 1. 28 Aug. 1918. Editors: R. McArthur. Assistant Ed.: P. Warren. (First and only number.) [Produced by officers in a prisoner-of-war camp at Holzminden.]$nThe Occasional Review. no. 1. 28 Aug. 1918. Editors: R. McArthur. Assistant Ed.: P. Warren. (First and only number.) [Produced by officers in a prisoner-of-war camp at Holzminden.]
=DGM  \\$a002302171$bCatBridge variable field
=DRT  \\$aWW1
=SRC  \\$aWW1$bEuropeana_Collections_1914-1918_20131211_1
=OHC  \\$a1
=LAS  \\$a1805-0738$b00$c20181228$lBLL01$h1920

