=LDR  02857 as a2200697 a 4500
=001  016586510
=003  Uk
=005  20131218145911.0
=007  cr\mn\024mpada
=007  ta
=008  901001d19161918gw\\x\p\s\\\\\00\\b0fre\\
=FMT  \\$a  SE
=019  x\$a3564130209
=040  \\$aUk$cUk$dUk
=245  00$aL'Intermède :$blittéraire, sportif et musical.
=246  1\$iSub-title varies:$aL'Intermède :$bjournal des prisonniers français du Camp de Würzburg$f1917-1918.
=264  \1$aWürzburg :$b[s.n.],$c1916-1918.
=300  \\$av :$billustrations ;$c(8º)
=336  \\$atext$2rdacontent
=337  \\$acomputer$2rdamedia
=338  \\$aonline$2rdacarrier
=340  \\$m8vo$2rdabf
=362  1\$aBegan in jan. 1916, ceased in nov. 1918.
=500  \\$aHead of title on some issues: Camp de Würzburg.
=500  \\$aNo. 5 (3 mai 1916) has no sub-title.
=650  \0$aWorld War, 1914-1918$xPropaganda.
=655  \4$aTrench journal
=710  2\$aPrisoner of War Camp (Würzburg, Germany)
=859  \\$aXLD$bWW1
=852  4\$cDRT$jDigital Store P.P.4039.wup.(2.)$aBritish Library$bHMNTS$3No. 40 (11 Fév. 1917)-
=985  \\$aCorrected by MS generated file for WR# 12.037
=985  \\$aEnhanced by MS generated file for WR# 12/139
=985  \\$aEnhanced by MS generated file for WR# 13/021
=985  \\$aEnhanced by MS generated file for WR# 13/054
=985  \\$aCorrected by MS generated file for WR# 1805-0738
=CAT  \\$aBATCH-DCW$b00$c20131218$lBLL01$h1459
=CAT  \\$aBATCH-DCW$b00$c20131218$lBLL01$h1509
=CAT  \\$aBATCH-DCW$b00$c20131218$lBLL01$h1603
=CAT  \\$aBATCH-DCW$b00$c20131218$lBLL01$h1609
=CAT  \\$aBATCH-DCW$b00$c20140120$lBLL01$h0032
=CAT  \\$aBATCH-DCW$b00$c20140120$lBLL01$h0234
=CAT  \\$aBATCH-DCW$b00$c20140120$lBLL01$h1712
=CAT  \\$aWR14.046$c20140417$lBLL01$h1726
=CAT  \\$aWR13.144/5$c20140418$lBLL01$h1049
=CAT  \\$aBATCH-RIGH$c20170607$lBLL01$h1816
=CAT  \\$aR1706-1834$c20170629$lBLL01$h1227
=CAT  \\$a1805-0738$c20181228$lBLL01$h1836
=CAT  \\$a1805-0738$b00$c20181228$lBLL01$h1920
=FIN  \\$aY$d20131218
=LKR  \\$aPAR$lBLL01$r776$b003987655$mL'Intermède : littéraire, sportif et musical.$nL'Intermède : littéraire, sportif et musical.
=DGM  \\$a003987655$bCatBridge variable field
=DRT  \\$aWW1
=SRC  \\$aWW1$bEuropeana_Collections_1914-1918_20131211
=SRC  \\$aWW1$bEuropeana_Collections_1914-1918_20131211_1
=SRC  \\$aWW1$bEuropeana_Collections_1914-1918_20131211_2
=SRC  \\$aWW1$bEuropeana_Collections_1914-1918_20131212
=SRC  \\$aWW1$bEuropeana_Collections_1914-1918_20131212_1
=SRC  \\$aWW1$bEuropeana_Collections_1914-1918_20131212_2
=SRC  \\$aWW1$bEuropeana_Collections_1914-1918_20140114
=OHC  \\$a1
=LAS  \\$a1805-0738$b00$c20181228$lBLL01$h1920

