=LDR  03373 as a2200817 a 4500
=001  016586511
=003  Uk
=005  20131218145911.0
=007  cr\mn\024mpada
=007  ta
=008  991124d19141918gw\mr\p\s\\\\\00\\a0epo\\
=FMT  \\$a  SE
=040  \\$aDLC$cPUL$dOCLCQ$dUk
=050  00$aPM8260$b.I5
=245  00$aInternacia bulteno :$bgermana informilo pri la milito /$cGermana Esperanto-Servo.
=260  \\$aBerlin :$bInternationale korrespondez Argus,$c1914-
=300  \\$av. :$bill. (incl. facsims.) ;$c24 cm.
=310  \\$aMonthly (irregular)
=336  \\$atext$2rdacontent
=337  \\$acomputer$2rdamedia
=338  \\$aonline$2rdacarrier
=362  0\$aNo. 1/3 (1 nov. 1914)-
=362  1\$aCeased publication.
=500  \\$aDescription based on: No. 37 (Novembro 1916).
=500  \\$aSubtitle varies.
=500  \\$aTitle from caption.
=515  \\$aNo. 37 also called 3a kolekto, no. 1.
=650  \0$aEsperanto$vPeriodicals.
=650  \0$aWorld War, 1914-1918$xPropaganda
=650  \0$aWorld War, 1914-1918$zGermany$vPeriodicals.
=859  \\$aXLD$bWW1
=852  4\$cDRT$jDigital Store RB.23.b.7235$aBritish Library$bHMNTS
=985  \\$aCorrected by MS generated file for WR# 12.037
=CAT  \\$aBATCH-DCW$b00$c20131218$lBLL01$h1459
=CAT  \\$aBATCH-DCW$b00$c20131218$lBLL01$h1603
=CAT  \\$aBATCH-DCW$b00$c20131218$lBLL01$h1609
=CAT  \\$aBATCH-DCW$b00$c20131218$lBLL01$h1616
=CAT  \\$aBATCH-DCW$b00$c20131218$lBLL01$h1623
=CAT  \\$aBATCH-DCW$b00$c20131218$lBLL01$h1629
=CAT  \\$aBATCH-DCW$b00$c20131218$lBLL01$h1636
=CAT  \\$aBATCH-DCW$b00$c20131218$lBLL01$h1643
=CAT  \\$aBATCH-DCW$b00$c20131218$lBLL01$h1650
=CAT  \\$aBATCH-DCW$b00$c20131218$lBLL01$h1657
=CAT  \\$aBATCH-DCW$b00$c20131218$lBLL01$h1704
=CAT  \\$aBATCH-DCW$b00$c20131218$lBLL01$h1711
=CAT  \\$aBATCH-DCW$b00$c20140120$lBLL01$h0032
=CAT  \\$aBATCH-DCW$b00$c20140120$lBLL01$h0058
=CAT  \\$aBATCH-DCW$b00$c20140120$lBLL01$h0234
=CAT  \\$aWR14.046$c20140417$lBLL01$h1726
=CAT  \\$aWR13.144/5$c20140418$lBLL01$h1049
=FIN  \\$aY$d20131218
=LKR  \\$aPAR$lBLL01$r776$b015628895$mInternacia bulteno : germana informilo pri la milito /$nInternacia bulteno : germana informilo pri la milito /
=DGM  \\$a015628895$bCatBridge variable field
=DRT  \\$aWW1
=SRC  \\$aWW1$bEuropeana_Collections_1914-1918_20131211_1
=SRC  \\$aWW1$bEuropeana_Collections_1914-1918_20131212
=SRC  \\$aWW1$bEuropeana_Collections_1914-1918_20131212_1
=SRC  \\$aWW1$bEuropeana_Collections_1914-1918_20131212_2
=SRC  \\$aWW1$bEuropeana_Collections_1914-1918_20131212_3
=SRC  \\$aWW1$bEuropeana_Collections_1914-1918_20131212_4
=SRC  \\$aWW1$bEuropeana_Collections_1914-1918_20131212_5
=SRC  \\$aWW1$bEuropeana_Collections_1914-1918_20131212_6
=SRC  \\$aWW1$bEuropeana_Collections_1914-1918_20131212_7
=SRC  \\$aWW1$bEuropeana_Collections_1914-1918_20131212_8
=SRC  \\$aWW1$bEuropeana_Collections_1914-1918_20131212_9
=SRC  \\$aWW1$bEuropeana_Collections_1914-1918_20131213_1
=SRC  \\$aWW1$bEuropeana_Collections_1914-1918_20131213_2
=SRC  \\$aWW1$bEuropeana_Collections_1914-1918_20131219
=SRC  \\$aWW1$bEuropeana_Collections_1914-1918_20140114
=OHC  \\$a1
=LAS  \\$aWR13.144/5$b00$c20140418$lBLL01$h1049

