=LDR  01777 as a2200493 a 4500
=001  016586580
=003  Uk
=005  20131218160012.0
=007  cr\mn\024mpada
=007  ta
=008  880718d191619uufr\uu\p\s\\\\o00\\a0eng\\
=FMT  \\$a  SE
=019  x\$a0970040180
=040  \\$aUk$cUk$dUk
=245  04$aThe Limit.
=264  \1$aFrance,$c1916-.
=300  \\$av ;$c(4º)
=336  \\$atext$2rdacontent
=337  \\$acomputer$2rdamedia
=338  \\$aonline$2rdacarrier
=340  \\$m4to$2rdabf
=500  \\$aThe official organ of the 13th Corps Cyclist Battalion.
=650  \0$aWorld War, 1914-1918$xCampaigns$zWestern Front
=655  \4$aTrench journal
=710  1\$aGreat Britain.$bArmy.$bInfantry.$bRegiments.$b13th Corps Cyclist Battalion.
=859  \\$aXLD$bWW1
=852  4\$cDRT$jDigital Store P.P.4039.whe.(3.)$aBritish Library$bHMNTS
=985  \\$aCorrected by BSS-generated file for WR# 08/145
=985  \\$aCorrected by MS generated file for WR# 11/211
=985  \\$aEnhanced by MS generated file for WR# 12/139
=985  \\$aHeadings: World War, 1914-1918 Campaigns Western Front; and Trench journal added globally for the Europeana Project.
=985  \\$aCorrected by MS generated file for WR# 1805-0738
=CAT  \\$aBATCH-DCW$b00$c20131218$lBLL01$h1600
=CAT  \\$aWR14.046$c20140417$lBLL01$h1726
=CAT  \\$aWR13.144/5$c20140418$lBLL01$h1049
=CAT  \\$a1805-0738$c20181228$lBLL01$h1836
=CAT  \\$a1805-0738$b00$c20181228$lBLL01$h1920
=FIN  \\$aY$d20131218
=LKR  \\$aPAR$lBLL01$r776$b001096431$mThe Limit.$nThe Limit.
=DGM  \\$a001096431$bCatBridge variable field
=DRT  \\$aWW1
=SRC  \\$aWW1$bEuropeana_Collections_1914-1918_20131212_1
=OHC  \\$a1
=LAS  \\$a1805-0738$b00$c20181228$lBLL01$h1920

