=LDR  04035 as a22009013  4500
=001  016586581
=003  Uk
=005  20131218160013.0
=007  cr\mn\024mpada
=007  ta
=008  880629d19181918enkmr\p\s\\\\\00\\a0eng\\
=FMT  \\$a  SE
=019  c\$a2262784
=019  n\$aNLC0012638
=019  x\$a0994130171
=040  \\$aUk$cUk$dUk
=245  04$aThe British Prisoner of War.
=264  \1$aLondon :$bCentral Prisoners of War Committee,$c1918.
=300  \\$av :$billustrations ;$c(folio)
=310  \\$aMonthly
=336  \\$atext$2rdacontent
=337  \\$acomputer$2rdamedia
=338  \\$aonline$2rdacarrier
=340  \\$mfolio$2rdabf
=362  0\$aVol. 1, no. 1 (Jan. 1918)-v. 1, no. 12 (Dec. 1918).
=500  \\$aBeing the monthly journal of the Central Prisoners of War Committee of the Red Cross and Order of St. John.
=520  \\$aInformation about the general situation of and regulations concerning aid to prisoners of war.
=540  \\$aCurrent copyright fee: GBP12.00$c0$5Uk
=610  20$aWar Organisation of the British Red Cross Society and Order of St. John of Jerusalem.$bCentral Prisoners of War Committee$vPeriodicals.
=650  \0$aWorld War, 1914-1918$xPrisoners and Prisons, British$vPeriodicals.
=650  \0$aWorld War, 1914-1918$xPropaganda.
=655  \4$aTrench journal
=710  2\$aBritish Red Cross Society.$bCentral Prisoners of War Committee of the British Red Cross and the Order of St. John.
=859  \\$aXLD$bWW1
=852  4\$cDRT$jDigital Store P.P.4050.cec.$aBritish Library$bHMNTS$3Vol. 1, no. 1 (Jan. 1918)-v. 1, no. 12 (Dec. 1918)***Bound volume
=945  \\$aBritish Prisoner of War.
=963  \\$aVOL. 1(1), 1918- 1(12), 1918 *A=1$bN$cWRA.458
=979  \\$aBritish Library$bDSC$j2340.323000N
=985  \\$aCorrected by BSS-generated file for WR# 11/124
=985  \\$aCorrected by MS generated file for WR# 12.037
=985  \\$aEnhanced by MS generated file for WR# 12/139
=985  \\$aHeadings: World War, 1914-1918, Propaganda, and Trench journal added globally for the Europeana Project.
=985  \\$aCorrected by MS generated file for WR# 1805-0738
=CAT  \\$aBATCH-DCW$b00$c20131218$lBLL01$h1600
=CAT  \\$aBATCH-DCW$b00$c20131218$lBLL01$h1609
=CAT  \\$aBATCH-DCW$b00$c20131218$lBLL01$h1616
=CAT  \\$aBATCH-DCW$b00$c20131218$lBLL01$h1623
=CAT  \\$aBATCH-DCW$b00$c20131218$lBLL01$h1629
=CAT  \\$aBATCH-DCW$b00$c20131218$lBLL01$h1636
=CAT  \\$aBATCH-DCW$b00$c20131218$lBLL01$h1643
=CAT  \\$aBATCH-DCW$b00$c20131218$lBLL01$h1650
=CAT  \\$aBATCH-DCW$b00$c20131218$lBLL01$h1657
=CAT  \\$aBATCH-DCW$b00$c20140120$lBLL01$h0032
=CAT  \\$aBATCH-DCW$b00$c20140120$lBLL01$h0221
=CAT  \\$aWR14.046$c20140417$lBLL01$h1726
=CAT  \\$aWR13.144/5$c20140418$lBLL01$h1049
=CAT  \\$aBATCH-UPD$b00$c20150520$lBLL01$h1024
=CAT  \\$aBATCH-RIGH$c20170607$lBLL01$h1816
=CAT  \\$aR1706-1834$c20170629$lBLL01$h1227
=CAT  \\$a1805-0738$c20181228$lBLL01$h1836
=CAT  \\$a1805-0738$b00$c20181228$lBLL01$h1920
=FIN  \\$aY$d20131218
=LKR  \\$aPAR$lBLL01$r776$b001129909$mThe British Prisoner of War.$nThe British Prisoner of War.
=DGM  \\$a001129909$bCatBridge variable field
=DRT  \\$aWW1
=SRC  \\$aWW1$bEuropeana_Collections_1914-1918_20131212
=SRC  \\$aWW1$bEuropeana_Collections_1914-1918_20131212_1
=SRC  \\$aWW1$bEuropeana_Collections_1914-1918_20131212_2
=SRC  \\$aWW1$bEuropeana_Collections_1914-1918_20131212_3
=SRC  \\$aWW1$bEuropeana_Collections_1914-1918_20131212_4
=SRC  \\$aWW1$bEuropeana_Collections_1914-1918_20131212_5
=SRC  \\$aWW1$bEuropeana_Collections_1914-1918_20131212_6
=SRC  \\$aWW1$bEuropeana_Collections_1914-1918_20131212_7
=SRC  \\$aWW1$bEuropeana_Collections_1914-1918_20131212_8
=SRC  \\$aWW1$bEuropeana_Collections_1914-1918_20131212_9
=SRC  \\$aWW1$bEuropeana_Collections_1914-1918_20140113
=OHC  \\$a3
=LAS  \\$a1805-0738$b00$c20181228$lBLL01$h1920

