=LDR  03092 as a2200745 a 4500
=001  016586582
=003  Uk
=005  20131218160013.0
=007  cr\mn\024mpada
=007  ta
=008  880725u1917uuuuenkmr\p\s\\\\\00\\a0eng\\
=FMT  \\$a  SE
=019  x\$a1003070256
=040  \\$aUk$cUk$dUk
=130  0\$aWar-worker (London, England)
=245  14$aThe war-worker /$cWar-Workers League.
=260  \\$aLondon :$bPublished for the War-Workers League by the Society for Promoting Christian Knowledge London :$bPrinted by the Arden Press,$c1917-
=300  \\$av. :$bill.
=310  \\$aMonthly
=336  \\$atext$2rdacontent
=337  \\$acomputer$2rdamedia
=338  \\$aonline$2rdacarrier
=362  0\$aVol. 1, no. 1 (June 1917)-
=500  \\$aPagination continuous across vol. issues.
=650  \0$aWomen$zGreat Britain$vPeriodicals.
=650  \0$aWorld War, 1914-1918$xPropaganda.
=650  \0$aWorld War, 1914-1918$xWar work$zGreat Britain$vPeriodicals.
=650  \0$aWorld War, 1914-1918$xWomen$zGreat Britain$vPeriodicals.
=655  \4$aTrench journal
=710  2\$aWar-Workers League.
=859  \\$aXLD$bWW1
=852  4\$cDRT$jDigital Store P.P.4039.wbh.(2.)$aBritish Library$bHMNTS$3June 1917-
=985  \\$a650 0{dollar}aWorld War, 1914-1918{dollar}xPropaganda - Europeana Project LCSH. Propoganda is a point of view not allowed in LCsH.
=985  \\$aCorrected by MS generated file for WR# 12.037
=985  \\$aEnhanced by MS generated file for WR# 12/139
=CAT  \\$aBATCH-DCW$b00$c20131218$lBLL01$h1600
=CAT  \\$aBATCH-DCW$b00$c20131218$lBLL01$h1609
=CAT  \\$aBATCH-DCW$b00$c20131218$lBLL01$h1616
=CAT  \\$aBATCH-DCW$b00$c20131218$lBLL01$h1623
=CAT  \\$aBATCH-DCW$b00$c20131218$lBLL01$h1629
=CAT  \\$aBATCH-DCW$b00$c20131218$lBLL01$h1636
=CAT  \\$aBATCH-DCW$b00$c20131218$lBLL01$h1643
=CAT  \\$aBATCH-DCW$b00$c20131218$lBLL01$h1650
=CAT  \\$aBATCH-DCW$b00$c20131218$lBLL01$h1657
=CAT  \\$aBATCH-DCW$b00$c20140120$lBLL01$h0032
=CAT  \\$aBATCH-DCW$b00$c20140120$lBLL01$h0058
=CAT  \\$aWR14.046$c20140417$lBLL01$h1726
=CAT  \\$aWR13.144/5$c20140418$lBLL01$h1049
=FIN  \\$aY$d20131218
=LKR  \\$aPAR$lBLL01$r776$b001140315$mThe war-worker /$nThe war-worker /
=DGM  \\$a001140315$bCatBridge variable field
=DRT  \\$aWW1
=SRC  \\$aWW1$bEuropeana_Collections_1914-1918_20131212
=SRC  \\$aWW1$bEuropeana_Collections_1914-1918_20131212_1
=SRC  \\$aWW1$bEuropeana_Collections_1914-1918_20131212_2
=SRC  \\$aWW1$bEuropeana_Collections_1914-1918_20131212_3
=SRC  \\$aWW1$bEuropeana_Collections_1914-1918_20131212_4
=SRC  \\$aWW1$bEuropeana_Collections_1914-1918_20131212_5
=SRC  \\$aWW1$bEuropeana_Collections_1914-1918_20131212_6
=SRC  \\$aWW1$bEuropeana_Collections_1914-1918_20131212_7
=SRC  \\$aWW1$bEuropeana_Collections_1914-1918_20131212_8
=SRC  \\$aWW1$bEuropeana_Collections_1914-1918_20131212_9
=SRC  \\$aWW1$bEuropeana_Collections_1914-1918_20131219
=OHC  \\$a1
=LAS  \\$aWR13.144/5$b00$c20140418$lBLL01$h1049

