=LDR  02235 am a2200529 a 4500
=001  016586583
=003  Uk
=005  20131218160013.0
=007  cr\mn\024mpada
=008  040420r19181916enka\\\\s\\\\\000\0\eng\d
=FMT  \\$a  BK
=010  \\$a18001180
=019  u\$aG11209668
=019  x\$a0970420021
=035  \\$a(OCoLC)82591980
=035  \\$a(OCoLC)ocm82591980
=035  \\$a(UkLeU)b30180533
=040  \\$aSFR$cSFR$dSFR$dOCLCQ$dAU@$dUk
=082  04$a940.4144$221
=245  04$aThe Wipers times :$ba facsimile reprint of the trench magazines : The Wipers times, The new church times, The Kemmel times, The Somme times, The B.E.F. times.
=246  32$aB.E.F. times
=246  32$aKemmel times
=246  32$aNew church times
=246  32$aSomme times
=260  \\$aLondon :$bH. Jenkins,$c1918$e(Plymouth :$fWm. Brendon & Son).
=300  \\$axii, [200] p. :$bill. ;$c26 cm.
=336  \\$atext$2rdacontent
=337  \\$acomputer$2rdamedia
=338  \\$aonline$2rdacarrier
=500  \\$aSome masthead and running titles vary slightly: Wipers times, or Salient news; "New church" times ; Somme-times.
=610  10$aGreat Britain.$bArmy$vPeriodicals.
=650  \0$aWorld War, 1914-1918$vPeriodicals.
=650  \0$aWorld War, 1914-1918$xCampaigns$zFrance$vPeriodicals.
=859  \\$aXLD$bWW1
=852  4\$cDRT$jDigital Store P.P.4039.wbg.(2.)$aBritish Library$bHMNTS
=CAT  \\$aBATCH-DCW$b00$c20131218$lBLL01$h1600
=CAT  \\$aBATCH-DCW$b00$c20140120$lBLL01$h0032
=CAT  \\$aWR14.046$c20140417$lBLL01$h1726
=CAT  \\$aWR13.144/5$c20140418$lBLL01$h1049
=FIN  \\$aY$d20131218
=LKR  \\$aPAR$lBLL01$r776$b012837773$mThe Wipers times : a facsimile reprint of the trench magazines : The Wipers times, The new church times, The Kemmel times, The Somme times, The B.E.F. times.$nThe Wipers times : a facsimile reprint of the trench magazines : The Wipers times, The new church times, The Kemmel times, The Somme times, The B.E.F. times.
=DGM  \\$a012837773$bCatBridge variable field
=DRT  \\$aWW1
=SRC  \\$aWW1$bEuropeana_Collections_1914-1918_20131212
=SRC  \\$aWW1$bEuropeana_Collections_1914-1918_20131212_1
=OHC  \\$a2
=LAS  \\$aWR13.144/5$b00$c20140418$lBLL01$h1049

