=LDR  03352cas a2200829 a 4500
=001  016586634
=003  Uk
=005  20131218170141.0
=007  cr\mn\024mpada
=007  ta
=008  880209d19181919enkmr\p\s\\\\o00\\a0eng\\
=FMT  \\$a  SE
=019  c\$a2250919
=019  x\$a0523080131
=040  \\$aUk$cUk$dUk
=110  1\$aCanada.$bCanadian Army.$bCorps of Royal Canadian Engineers.
=245  14$aThe Canadian Sapper.
=264  \1$aSeaford :$bCanadian Engineers Training Depot,$c1918-1919.
=300  \\$av ;$c(4º)
=336  \\$atext$2rdacontent
=337  \\$acomputer$2rdamedia
=338  \\$aonline$2rdacarrier
=340  \\$m4to$2rdabf
=362  0\$avol. 1, no. 1 (Feb. 1918)-v. 3, no. 15 (April 1919).
=500  \\$a"Official magazine of the Canadian Engineers."
=540  \\$aCurrent copyright fee: GBP12.00$c0$5Uk
=610  10$aCanada.$bCanadian Army.$bCorps of Royal Canadian Engineers$vPeriodicals.
=650  \0$aRegimental histories.
=650  \0$aWorld War, 1914-1918$xTrench warfare.
=655  \4$aTrench journal
=859  \\$aXLD$bWW1
=852  4\$cDRT$jDigital Store P.P.4039.wfd.(5.)$aBritish Library$bHMNTS$3vol. 1, no. 1 (Feb. 1918)-v. 3, no. 15 (April 1919)
=945  \\$aCanadian Sapper.
=963  \\$aVOL. 1(2), 1918 *A=1$bN$cWRB.633
=979  \\$aBritish Library$bDSC$j3044.658000N
=985  \\$aCorrected by MS generated file for WR# 12.037
=985  \\$aEnhanced by MS generated file for WR# 12/139
=985  \\$aCorrected by MS generated file for WR# 1805-0738
=CAT  \\$aBATCH-DCW$b00$c20131218$lBLL01$h1701
=CAT  \\$aBATCH-DCW$b00$c20131218$lBLL01$h1711
=CAT  \\$aBATCH-DCW$b00$c20131218$lBLL01$h1718
=CAT  \\$aBATCH-DCW$b00$c20131218$lBLL01$h1725
=CAT  \\$aBATCH-DCW$b00$c20131218$lBLL01$h1732
=CAT  \\$aBATCH-DCW$b00$c20131218$lBLL01$h1805
=CAT  \\$aBATCH-DCW$b00$c20131218$lBLL01$h1812
=CAT  \\$aBATCH-DCW$b00$c20131218$lBLL01$h1927
=CAT  \\$aBATCH-DCW$b00$c20131218$lBLL01$h2002
=CAT  \\$aBATCH-DCW$b00$c20140120$lBLL01$h0045
=CAT  \\$aBATCH-DCW$b00$c20140120$lBLL01$h0221
=CAT  \\$aWR14.046$c20140417$lBLL01$h1726
=CAT  \\$aWR13.144/5$c20140418$lBLL01$h1049
=CAT  \\$aBATCH-UPD$b00$c20150520$lBLL01$h1024
=CAT  \\$a1805-0738$c20181228$lBLL01$h1836
=CAT  \\$a1805-0738$b00$c20181228$lBLL01$h1920
=CAT  \\$aBATCH-UPD$b00$c20230709$lBLL01$h2120
=FIN  \\$aY$d20131218
=LKR  \\$aPAR$lBLL01$r776$b000588984$mThe Canadian Sapper.$nThe Canadian Sapper.
=DGM  \\$a000588984$bCatBridge variable field
=DRT  \\$aWW1
=SRC  \\$aWW1$bEuropeana_Collections_1914-1918_20131213
=SRC  \\$aWW1$bEuropeana_Collections_1914-1918_20131213_1
=SRC  \\$aWW1$bEuropeana_Collections_1914-1918_20131213_2
=SRC  \\$aWW1$bEuropeana_Collections_1914-1918_20131213_3
=SRC  \\$aWW1$bEuropeana_Collections_1914-1918_20131213_4
=SRC  \\$aWW1$bEuropeana_Collections_1914-1918_20131213_5
=SRC  \\$aWW1$bEuropeana_Collections_1914-1918_20131216_1
=SRC  \\$aWW1$bEuropeana_Collections_1914-1918_20131217_1
=SRC  \\$aWW1$bEuropeana_Collections_1914-1918_20131217_2
=SRC  \\$aWW1$bEuropeana_Collections_1914-1918_20131217_3
=SRC  \\$aWW1$bEuropeana_Collections_1914-1918_20140113
=OHC  \\$a1
=LAS  \\$aBATCH-UPD$b00$c20230709$lBLL01$h2120

