=LDR  02352 as a2200601 a 4500
=001  016586635
=003  Uk
=005  20131218170142.0
=007  cr\mn\024mpada
=007  ta
=008  880209d1917191uenkuu\p\s\\\\o00\\a0eng\\
=FMT  \\$a  SE
=019  c\$a2250921
=019  x\$a0523080298
=040  \\$aUk$cUk$dUk
=245  04$aThe sling :$ba little journal published by the boys of a Canadian Field Ambulance.
=264  \1$a[London] :$bCanadian Field Ambulance,$c1917-.
=300  \\$av ;$c(4º)
=336  \\$atext$2rdacontent
=337  \\$acomputer$2rdamedia
=338  \\$aonline$2rdacarrier
=340  \\$m4to$2rdabf
=362  0\$aNo. 1 (Jan 1917)-
=500  \\$aField Ambulance number not present.
=540  \\$aCurrent copyright fee: GBP12.00$c0$5Uk
=650  \0$aRegimental histories.
=650  \0$aWorld War, 1914-1918$xMedical care.
=650  \0$aWorld War, 1914-1918$xParticipation, Canadian$xPeriodicals.
=655  \4$aTrench journal
=710  1\$aCanada.$bCanadian Army Medical Corp.$bCanadian Field Ambulances.
=859  \\$aXLD$bWW1
=852  4\$cDRT$jDigital Store P.P.4039.wfd.(3.)$aBritish Library$bHMNTS$3No. 1 (Jan 1917)-no. 2 (Oct. 1917)
=945  \\$aSling.
=963  \\$aNO. 1, 1917- 2, 1917 *A=1$bN$cWRB.516
=979  \\$aBritish Library$bDSC$j8309.525700N
=985  \\$aCorrected by BSS-generated file for WR# 10/107
=985  \\$aCorrected by MS generated file for WR# 12.037
=985  \\$aEnhanced by MS generated file for WR# 12/139
=985  \\$aCorrected by MS generated file for WR# 1805-0738
=CAT  \\$aBATCH-DCW$b00$c20131218$lBLL01$h1701
=CAT  \\$aBATCH-DCW$b00$c20140120$lBLL01$h0045
=CAT  \\$aWR14.046$c20140417$lBLL01$h1726
=CAT  \\$aWR13.144/5$c20140418$lBLL01$h1049
=CAT  \\$a1805-0738$c20181228$lBLL01$h1836
=CAT  \\$a1805-0738$b00$c20181228$lBLL01$h1920
=FIN  \\$aY$d20131218
=LKR  \\$aPAR$lBLL01$r776$b000588997$mThe sling : a little journal published by the boys of a Canadian Field Ambulance.$nThe sling : a little journal published by the boys of a Canadian Field Ambulance.
=DGM  \\$a000588997$bCatBridge variable field
=DRT  \\$aWW1
=SRC  \\$aWW1$bEuropeana_Collections_1914-1918_20131213
=SRC  \\$aWW1$bEuropeana_Collections_1914-1918_20131213_1
=OHC  \\$a1
=LAS  \\$a1805-0738$b00$c20181228$lBLL01$h1920

