=LDR  03108 as a2200733 a 4500
=001  016586636
=003  Uk
=005  20131218170142.0
=007  cr\mn\024mpada
=007  ta
=008  880209d1915191ufr\mr\p\s\\\\o00\\a0eng\\
=FMT  \\$a  SE
=019  c\$a2251145
=019  x\$a0523110189
=040  \\$aUk$cUk$dUk
=245  03$aLa vie canadienne :$ba monthly magazine for the Canadian Section, General Headquarters, 3rd Echelon.
=264  \1$aRouen, France :$bCanadian Section, General Headquarters, 3 rd Echelon,$c1915-[1918]
=300  \\$av ;$c(8º)
=336  \\$atext$2rdacontent
=337  \\$acomputer$2rdamedia
=338  \\$aonline$2rdacarrier
=340  \\$m8vo$2rdabf
=362  0\$aVol. 1, no. 1 (Dec. 1915)-
=540  \\$aCurrent copyright fee: GBP12.00$c0$5Uk
=610  10$aCanada$bCanadian Army$vPeriodicals.
=650  \0$aRegimental histories.
=650  \0$aWorld War, 1914-1918$xTrench warfare.
=655  \4$aTrench journal
=710  1\$aCanada.$bCanadian Army.$bCanadian Section, General Headquarters, 3rd Echelon.
=859  \\$aXLD$bWW1
=852  4\$cDRT$jDigital Store P.P.4039.wfd.(1.)$aBritish Library$bHMNTS$3Vol. 1, no. 1 (Dec. 1915)-v. 1, no. 15 (Dec. 1918)
=945  \\$aVie Canadienne.
=963  \\$aVOL. 1(7), 1917 *A=1$bN$cWRC.533
=979  \\$aBritish Library$bDSC$j9234.902000N
=985  \\$aCorrected by MS generated file for WR# 12.037
=985  \\$aEnhanced by MS generated file for WR# 12/139
=985  \\$aEnhanced by MS generated file for WR# 13/021
=985  \\$aCorrected by MS generated file for WR# 1805-0738
=CAT  \\$aBATCH-DCW$b00$c20131218$lBLL01$h1701
=CAT  \\$aBATCH-DCW$b00$c20131218$lBLL01$h1711
=CAT  \\$aBATCH-DCW$b00$c20131218$lBLL01$h1718
=CAT  \\$aBATCH-DCW$b00$c20131218$lBLL01$h1725
=CAT  \\$aBATCH-DCW$b00$c20131218$lBLL01$h1805
=CAT  \\$aBATCH-DCW$b00$c20140120$lBLL01$h0045
=CAT  \\$aBATCH-DCW$b00$c20140120$lBLL01$h0058
=CAT  \\$aBATCH-DCW$b00$c20140120$lBLL01$h0221
=CAT  \\$aWR14.046$c20140417$lBLL01$h1726
=CAT  \\$aWR13.144/5$c20140418$lBLL01$h1049
=CAT  \\$a1805-0738$c20181228$lBLL01$h1836
=CAT  \\$a1805-0738$b00$c20181228$lBLL01$h1920
=FIN  \\$aY$d20131218
=LKR  \\$aPAR$lBLL01$r776$b000589055$mLa vie canadienne : a monthly magazine for the Canadian Section, General Headquarters, 3rd Echelon.$nLa vie canadienne : a monthly magazine for the Canadian Section, General Headquarters, 3rd Echelon.
=DGM  \\$a000589055$bCatBridge variable field
=DRT  \\$aWW1
=SRC  \\$aWW1$bEuropeana_Collections_1914-1918_20131213
=SRC  \\$aWW1$bEuropeana_Collections_1914-1918_20131213_1
=SRC  \\$aWW1$bEuropeana_Collections_1914-1918_20131213_2
=SRC  \\$aWW1$bEuropeana_Collections_1914-1918_20131213_3
=SRC  \\$aWW1$bEuropeana_Collections_1914-1918_20131213_4
=SRC  \\$aWW1$bEuropeana_Collections_1914-1918_20131216_1
=SRC  \\$aWW1$bEuropeana_Collections_1914-1918_20131219
=SRC  \\$aWW1$bEuropeana_Collections_1914-1918_20140113
=OHC  \\$a1
=LAS  \\$a1805-0738$b00$c20181228$lBLL01$h1920

