=LDR  02072 as a2200529 a 4500
=001  016586637
=003  Uk
=005  20131218170142.0
=007  cr\mn\024mpada
=007  ta
=008  880726d1919192ufr\uu\p\s\\\\o00\\a0eng\\
=FMT  \\$a  SE
=019  x\$a0964410192
=040  \\$aUk$cUk$dUk
=245  00$aB.E.F. sports journal.
=246  3\$aBritish Expeditionary Force sports journal
=260  \\$aFrance :$bB.E.F.,$c1919.
=300  \\$av. :$c33 cm.
=336  \\$atext$2rdacontent
=337  \\$acomputer$2rdamedia
=338  \\$aonline$2rdacarrier
=520  \\$aDetails sporting results of the Unit.
=610  10$aGreat Britain.$bArmy$xSports$vPeriodicals.
=610  10$aGreat Britain.$bArmy.$bBritish Expeditionary Force$vPeriodicals.
=650  \0$aWorld War, 1914-1918$xCampaigns$zWestern Front
=655  \4$aTrench journal
=710  1\$aGreat Britain.$bArmy.$bBritish Expeditionary Force.
=859  \\$aXLD$bWW1
=852  4\$cDRT$jDigital Store P.P.4039.w.(8.)$aBritish Library$bHMNTS$3No. 1 (Feb. 8th, 1919)-no. 2 (Feb. 20th, 1919)
=985  \\$aCorrected by BSS-generated file for WR# 08/145
=985  \\$aCorrected by BSS-generated file for WR# 11/124
=985  \\$aEnhanced by MS generated file for WR# 12/139
=985  \\$aEnhanced by MS generated file for WR# 13/021
=985  \\$aEnhanced by MS generated file for WR# 13/054
=985  \\$aHeadings: World War, 1914-1918 Campaigns Western Front; and Trench journal added globally for the Europeana Project.
=CAT  \\$aBATCH-DCW$b00$c20131218$lBLL01$h1701
=CAT  \\$aBATCH-DCW$b00$c20140120$lBLL01$h0045
=CAT  \\$aWR14.046$c20140417$lBLL01$h1726
=CAT  \\$aWR13.144/5$c20140418$lBLL01$h1049
=FIN  \\$aY$d20131218
=LKR  \\$aPAR$lBLL01$r776$b001094729$mB.E.F. sports journal.$nB.E.F. sports journal.
=DGM  \\$a001094729$bCatBridge variable field
=DRT  \\$aWW1
=SRC  \\$aWW1$bEuropeana_Collections_1914-1918_20131213
=SRC  \\$aWW1$bEuropeana_Collections_1914-1918_20131213_1
=OHC  \\$a1
=LAS  \\$aWR13.144/5$b00$c20140418$lBLL01$h1049

