=LDR  02652 as a22006973  4500
=001  016586638
=003  Uk
=005  20131218170142.0
=007  cr\mn\024mpada
=007  ta
=008  880726d1914191uenkuu\p\s\\\\o00\\a0eng\\
=FMT  \\$a  SE
=019  c\$a2264953
=019  x\$a0964650118
=040  \\$aUk$cUk
=110  1\$aGreat Britain.$bArmy.$bRoyal Field Artillery.$bWest Lancashire Brigade, 3rd.
=245  10$aKamp knews.
=246  3\$aCamp news
=264  \1$aLark Hill Camp,$c1914-.
=300  \\$av ;$c(4º)
=336  \\$atext$2rdacontent
=337  \\$acomputer$2rdamedia
=338  \\$aonline$2rdacarrier
=340  \\$m4to$2rdabf
=540  \\$aCurrent copyright fee: GBP12.00$c0$5Uk
=650  \0$aWorld War, 1914-1918$xPropaganda.
=655  \4$aTrench journal
=859  \\$aXLD$bWW1
=852  4\$cDRT$jDigital Store P.P.4039.wbo.(5.)$aBritish Library$bHMNTS$3No. 19 (28 July, 1914); no. 23 (Christmas 1918)
=945  \\$aKamp knews.
=963  \\$aNO. 22, 1917 *A=1$bN$cWRB.489
=979  \\$aBritish Library$bDSC$j5085.122000N
=985  \\$aCorrected by BSS-generated file for WR# 08/145
=985  \\$aCorrected by MS generated file for WR# 12.037
=985  \\$aEnhanced by MS generated file for WR# 13/021
=985  \\$aEnhanced by MS generated file for WR# 13/054
=985  \\$aHeadings: World War, 1914-1918 Propaganda ; and Trench journal added globally for the Europeana Project.
=985  \\$aRecord merged by DQ team
=985  \\$aCorrected by MS generated file for WR# 1805-0738
=CAT  \\$aBATCH-DCW$b00$c20131218$lBLL01$h1701
=CAT  \\$aBATCH-DCW$b00$c20131218$lBLL01$h1711
=CAT  \\$aBATCH-DCW$b00$c20131218$lBLL01$h1718
=CAT  \\$aBATCH-DCW$b00$c20131218$lBLL01$h1725
=CAT  \\$aBATCH-DCW$b00$c20131218$lBLL01$h1732
=CAT  \\$aBATCH-DCW$b00$c20140120$lBLL01$h0045
=CAT  \\$aWR14.046$c20140417$lBLL01$h1726
=CAT  \\$aWR13.144/5$c20140418$lBLL01$h1049
=CAT  \\$a1805-0738$c20181228$lBLL01$h1836
=CAT  \\$a1805-0738$b00$c20181228$lBLL01$h1920
=FIN  \\$aY$d20131218
=LKR  \\$aPAR$lBLL01$r776$b001095568$mKamp knews.$nKamp knews.
=DGM  \\$a001095568$bCatBridge variable field
=DRT  \\$aWW1
=SRC  \\$aWW1$bEuropeana_Collections_1914-1918_20131213
=SRC  \\$aWW1$bEuropeana_Collections_1914-1918_20131213_1
=SRC  \\$aWW1$bEuropeana_Collections_1914-1918_20131213_2
=SRC  \\$aWW1$bEuropeana_Collections_1914-1918_20131213_3
=SRC  \\$aWW1$bEuropeana_Collections_1914-1918_20131213_4
=SRC  \\$aWW1$bEuropeana_Collections_1914-1918_20131213_5
=OHC  \\$a1
=LAS  \\$a1805-0738$b00$c20181228$lBLL01$h1920

