=LDR  03187 as a2200721 a 4500
=001  016586639
=003  Uk
=005  20131218170142.0
=007  cr\mn\024mpada
=007  ta
=008  880726d19141916stkuu\p\s\\\\o00\\a0eng\\
=FMT  \\$a  SE
=019  x\$a0964650274
=040  \\$aUk$cUk$dUk
=130  0\$aSearchlight (North Queensferry, Scotland)
=245  14$aThe searchlight :$bthe unofficial organ of the Forth Inner Defences.
=264  \1$aNorth Queensferry :$b[s.n.],$c1914-1916.
=300  \\$av ;$c(4º)
=336  \\$atext$2rdacontent
=337  \\$acomputer$2rdamedia
=338  \\$aonline$2rdacarrier
=340  \\$m4to$2rdabf
=362  0\$aNo. 1 (Dec. 1914)-no. 9 (July 1916)
=650  \0$aWorld War, 1914-1918$xPropaganda.
=655  \4$aTrench journal
=710  1\$aGreat Britain.$bArmy.$bRoyal Garrison Artillery.
=859  \\$aXLD$bWW1
=852  4\$cDRT$jDigital Store P.P.4039.wl.$aBritish Library$bHMNTS$3No. 1 (Dec. 1914)-no. 9 (July 1916)
=852  4\$cDRT$jDigital Store P.P.4039.wl.$aBritish Library$bHMNTS$3No. 1 (Dec. 1914)-no. 9 (July 1916)
=852  4\$cDRT$jDigital Store P.P.4039.wl.$aBritish Library$bHMNTS$3No. 1 (Dec. 1914)-no. 9 (July 1916)
=852  4\$cDRT$jDigital Store P.P.4039.wl.$aBritish Library$bHMNTS$3No. 1 (Dec. 1914)-no. 9 (July 1916)
=985  \\$aCorrected by BSS-generated file for WR# 08/145
=985  \\$aCorrected by BSS-generated file for WR# 11/012
=985  \\$aCorrected by MS generated file for WR# 12.037
=985  \\$aHeadings: World War, 1914-1918, Propaganda, and Trench journal added globally for the Europeana Project.
=985  \\$aCorrected by MS generated file for WR# 1805-0738
=CAT  \\$aBATCH-DCW$b00$c20131218$lBLL01$h1701
=CAT  \\$aBATCH-DCW$b00$c20131218$lBLL01$h1711
=CAT  \\$aBATCH-DCW$b00$c20131218$lBLL01$h1718
=CAT  \\$aBATCH-DCW$b00$c20131218$lBLL01$h1725
=CAT  \\$aBATCH-DCW$b00$c20131218$lBLL01$h1732
=CAT  \\$aBATCH-DCW$b00$c20140120$lBLL01$h0058
=CAT  \\$aWR14.046$c20140417$lBLL01$h1726
=CAT  \\$aWR13.144/5$c20140418$lBLL01$h1049
=CAT  \\$aBATCH-DCW$b00$c20151231$lBLL01$h1304
=CAT  \\$aBATCH-DCW$b00$c20151231$lBLL01$h1406
=CAT  \\$aBATCH-DCW$b00$c20151231$lBLL01$h1713
=CAT  \\$a1805-0738$c20181228$lBLL01$h1836
=CAT  \\$a1805-0738$b00$c20181228$lBLL01$h1920
=FIN  \\$aY$d20131218
=LKR  \\$aPAR$lBLL01$r776$b001095584$mThe searchlight : the unofficial organ of the Forth Inner Defences.$nThe searchlight : the unofficial organ of the Forth Inner Defences.
=DGM  \\$a001095584$bCatBridge variable field
=DRT  \\$aWW1
=SRC  \\$aWW1$bEuropeana_Collections_1914-1918_20131213_1
=SRC  \\$aWW1$bEuropeana_Collections_1914-1918_20131213_2
=SRC  \\$aWW1$bEuropeana_Collections_1914-1918_20131213_3
=SRC  \\$aWW1$bEuropeana_Collections_1914-1918_20131213_4
=SRC  \\$aWW1$bEuropeana_Collections_1914-1918_20131213_5
=SRC  \\$aWW1$bEuropeana_Collections_1914-1918_20131219
=SRC  \\$aWW1$bEuropeana_Collections_1914-1918_20140508
=SRC  \\$aWW1$bEuropeana_Collections_1914-1918_20151231
=OHC  \\$a1
=LAS  \\$a1805-0738$b00$c20181228$lBLL01$h1920

