=LDR  02861 as a2200709 a 4500
=001  016586640
=003  Uk
=005  20131218170142.0
=007  cr\mn\024mpada
=007  ta
=008  880726d19161916enkmr\p\s\\\\o00\\a0eng\\
=FMT  \\$a  SE
=019  x\$a0964660164
=040  \\$aUk$cUk$dUk
=245  00$aBostall Heath Camp magazine.
=264  \1$aLondon :$bBostall Heath Camp Entertainments Committee,$c1916.
=300  \\$a1 volume :$billustrations, portraits ;$c(8º)
=310  \\$aMonthly
=336  \\$atext$2rdacontent
=337  \\$acomputer$2rdamedia
=338  \\$aonline$2rdacarrier
=340  \\$m8vo$2rdabf
=362  0\$aVol. 1, no. 1 (Oct. 1916).
=500  \\$a"Under the management of the Camp Entertainments Committee"
=500  \\$aEdited by T.W. Taylor.
=500  \\$aNews and activities at Bostall Heath Army Camp, where the New Army was trained by the Royal Garrison Artillery.
=540  \\$aCurrent copyright fee: GBP12.00$c0$5Uk
=580  \\$aNo more published
=595  \\$aCONTD AS 1866.6175N.
=610  10$aGreat Britain.$bArmy$xArtillery$xTraining of$zEngland$zLondon.
=610  10$aGreat Britain.$bArmy.$bRoyal Garrison Artillery.
=650  \0$aWorld War, 1914-1918$xPropaganda.
=650  \0$aWorld War, 1914-1918$zEngland$zLondon$vPeriodicals.
=651  \0$aBostall Heath Army Camp (England)$vPeriodicals.
=655  \4$aTrench journal
=710  1\$aGreat Britain.$bArmy.$bRoyal Regiment of Artillery.
=710  2\$aBostall Heath Camp Entertainments Committee.
=785  00$tBattery babble
=859  \\$aXLD$bWW1
=852  4\$cDRT$jDigital Store P.P.4039.wkg.(4.)$aBritish Library$bHMNTS
=945  \\$aBostall Heath Camp magazine.
=963  \\$aVOL. 1(1), 1916 *A=1$bN$cWRC.424
=979  \\$aBritish Library$bDSC$j2251.810900N
=985  \\$aCorrected by BSS-generated file for WR# 08/145
=985  \\$aCorrected by MS generated file for WR# 12.037
=985  \\$aEnhanced by MS generated file for WR# 12/139
=985  \\$aEnhanced by MS generated file for WR# 13/021
=985  \\$aEnhanced by MS generated file for WR# 13/054
=985  \\$aHeadings: World War, 1914-1918 Propaganda; and Trench journal added globally for the Europeana Project.
=985  \\$aCorrected by MS generated file for WR# 1805-0738
=CAT  \\$aBATCH-DCW$b00$c20131218$lBLL01$h1701
=CAT  \\$aWR14.046$c20140417$lBLL01$h1726
=CAT  \\$aWR13.144/5$c20140418$lBLL01$h1049
=CAT  \\$a1805-0738$c20181228$lBLL01$h1836
=CAT  \\$a1805-0738$b00$c20181228$lBLL01$h1920
=FIN  \\$aY$d20131218
=LKR  \\$aPAR$lBLL01$r776$b001095600$mBostall Heath Camp magazine.$nBostall Heath Camp magazine.
=DGM  \\$a001095600$bCatBridge variable field
=DRT  \\$aWW1
=SRC  \\$aWW1$bEuropeana_Collections_1914-1918_20131213_1
=OHC  \\$a1
=LAS  \\$a1805-0738$b00$c20181228$lBLL01$h1920

