=LDR  01910 as a2200517 a 4500
=001  016586641
=003  Uk
=005  20131218170142.0
=007  cr\mn\024mpada
=007  ta
=008  941116d19161916enkuu\p\s\\\\o00\\a0eng\\
=FMT  \\$a  SE
=019  x\$a0964810115
=040  \\$aUk$cUk$dUk
=245  04$aThe 2/1st South Wales Mounted Brigade revue.
=264  \1$aBlythburgh :$b2/1 st South Wales Mounted Brigade,$c1916.
=300  \\$av ;$c(8º)
=336  \\$atext$2rdacontent
=337  \\$acomputer$2rdamedia
=338  \\$aonline$2rdacarrier
=340  \\$m8vo$2rdabf
=362  0\$aNo. 1 (March 1916)
=650  \0$aWorld War, 1914-1918$xPropaganda.
=655  \4$aTrench journal
=710  1\$aGreat Britain.$bArmy.$b2/1st South Wales Mounted Brigade.
=785  00$tMarch past
=859  \\$aXLD$bWW1
=852  4\$aBritish Library$bHMNTS$cDRT$jDigital Store P.P.4039.wod.
=985  \\$aCorrected by BSS-generated file for WR# 08/145
=985  \\$aCorrected by BSS-generated file for WR# 10/107
=985  \\$aCorrected by MS generated file for WR# 12.037
=985  \\$aDisaggregated record: Type B
=985  \\$aHeadings: World War, 1914-1918, Propaganda, and Trench journal added globally for the Europeana Project.
=985  \\$aCorrected by MS generated file for WR# 1805-0738
=CAT  \\$aBATCH-DCW$b00$c20131218$lBLL01$h1701
=CAT  \\$aWR14.046$c20140417$lBLL01$h1726
=CAT  \\$aWR13.144/5$c20140418$lBLL01$h1049
=CAT  \\$a1805-0738$c20181228$lBLL01$h1836
=CAT  \\$a1805-0738$b00$c20181228$lBLL01$h1920
=FIN  \\$aY$d20131218
=LKR  \\$aPAR$lBLL01$r776$b001095990$mThe 2/1st South Wales Mounted Brigade revue.$nThe 2/1st South Wales Mounted Brigade revue.
=DGM  \\$a001095990$bCatBridge variable field
=DRT  \\$aWW1
=SRC  \\$aWW1$bEuropeana_Collections_1914-1918_20131213_1
=OHC  \\$a1
=LAS  \\$a1805-0738$b00$c20181228$lBLL01$h1920

