=LDR  02610 as a2200673 a 4500
=001  016586642
=003  Uk
=005  20131218170142.0
=007  cr\mn\024mpada
=007  ta
=008  941116d19161916enkuu\p\s\\\\o00\\a0eng\\
=FMT  \\$a  SE
=019  x\$a0964810115
=040  \\$aUk$cUk$dUk
=245  04$aThe march past.
=264  \1$aHalesworth, Yoxford :$b2/1 st South Wales Mounted Brigade,$c1916.
=300  \\$c(8º)
=336  \\$atext$2rdacontent
=337  \\$acomputer$2rdamedia
=338  \\$aonline$2rdacarrier
=340  \\$m8vo$2rdabf
=362  0\$aNo. 2 (April 1916)-no. 10 (Dec. 1916)
=500  \\$aDiscontinued.
=710  1\$aGreat Britain.$bArmy.$b2/1st South Wales Mounted Brigade.
=780  00$t2/1st South Wales Mounted Brigade revue
=859  \\$aXLD$bWW1
=852  4\$aBritish Library$bHMNTS$cDRT$jDigital Store P.P.4039.wod.
=985  \\$aCorrected by BSS-generated file for WR# 08/145
=985  \\$aDisaggregated record: Type B
=985  \\$aCorrected by MS generated file for WR# 1805-0738
=CAT  \\$aBATCH-DCW$b00$c20131218$lBLL01$h1701
=CAT  \\$aBATCH-DCW$b00$c20131218$lBLL01$h1711
=CAT  \\$aBATCH-DCW$b00$c20131218$lBLL01$h1718
=CAT  \\$aBATCH-DCW$b00$c20131218$lBLL01$h1725
=CAT  \\$aBATCH-DCW$b00$c20131218$lBLL01$h1732
=CAT  \\$aBATCH-DCW$b00$c20131218$lBLL01$h1738
=CAT  \\$aBATCH-DCW$b00$c20131218$lBLL01$h1745
=CAT  \\$aBATCH-DCW$b00$c20131218$lBLL01$h1752
=CAT  \\$aBATCH-DCW$b00$c20140120$lBLL01$h0058
=CAT  \\$aWR14.046$c20140417$lBLL01$h1726
=CAT  \\$aWR13.144/5$c20140418$lBLL01$h1049
=CAT  \\$a1805-0738$c20181228$lBLL01$h1836
=CAT  \\$a1805-0738$b00$c20181228$lBLL01$h1920
=FIN  \\$aY$d20131218
=LKR  \\$aPAR$b001095990$lBLL01$r78000$mMarch past$n2/1st South Wales Mounted Brigade revue
=LKR  \\$aPAR$lBLL01$r776$b001095991$mThe march past.$nThe march past.
=DGM  \\$a001095991$bCatBridge variable field
=DRT  \\$aWW1
=SRC  \\$aWW1$bEuropeana_Collections_1914-1918_20131213_1
=SRC  \\$aWW1$bEuropeana_Collections_1914-1918_20131213_2
=SRC  \\$aWW1$bEuropeana_Collections_1914-1918_20131213_3
=SRC  \\$aWW1$bEuropeana_Collections_1914-1918_20131213_4
=SRC  \\$aWW1$bEuropeana_Collections_1914-1918_20131213_5
=SRC  \\$aWW1$bEuropeana_Collections_1914-1918_20131213_6
=SRC  \\$aWW1$bEuropeana_Collections_1914-1918_20131213_7
=SRC  \\$aWW1$bEuropeana_Collections_1914-1918_20131213_8
=SRC  \\$aWW1$bEuropeana_Collections_1914-1918_20131219
=OHC  \\$a1
=LAS  \\$a1805-0738$b00$c20181228$lBLL01$h1920

