=LDR  03813 as a2200829 a 4500
=001  016586643
=003  Uk
=005  20131218170142.0
=007  cr\mn\024mpada
=007  ta
=008  880718d1915191uenkwr\p\s\\\\o00\\a0eng\\
=FMT  \\$a  SE
=019  x\$a0970450109
=040  \\$aUk$cUk$dUk
=245  00$aOn-Guard! :$bThe official organ of the Sussex Home Protection Volunteer Brigade, 1st Battalion, Brighton : Weekly orders and news.
=264  \1$aBrighton :$b[1 st Battalion],$c1915-.
=300  \\$av ;$c(8º)
=336  \\$atext$2rdacontent
=337  \\$acomputer$2rdamedia
=338  \\$aonline$2rdacarrier
=340  \\$m8vo$2rdabf
=610  10$aGreat Britain.$bArmy.$bSussex Home Protection Volunteer Brigade$vPeriodicals.$bBattalion, 1st (Brighton)
=650  \0$aWorld War, 1914-1918$xPropaganda.
=655  \4$aTrench journal
=710  1\$aGreat Britain.$bArmy.$bSussex Home Protection Volunteer Brigade.$bBattalion, 1st (Brighton).
=859  \\$aXLD$bWW1
=852  4\$cDRT$jDigital Store P.P.4039.wsg.$aBritish Library$bHMNTS
=852  4\$cDRT$jDigital Store P.P.4039.wsg.$aBritish Library$bHMNTS
=985  \\$aCorrected by BSS-generated file for WR# 08/145
=985  \\$aCorrected by MS generated file for WR# 12.037
=985  \\$aEnhanced by MS generated file for WR# 12/139
=985  \\$aEnhanced by MS generated file for WR# 13/021
=985  \\$aEnhanced by MS generated file for WR# 13/054
=985  \\$aWorld War, 1914-1918 Propaganda ; and Trench journal added globally for the Europeana Project.
=985  \\$aCorrected by MS generated file for WR# 1805-0738
=CAT  \\$aBATCH-DCW$b00$c20131218$lBLL01$h1701
=CAT  \\$aBATCH-DCW$b00$c20131218$lBLL01$h1711
=CAT  \\$aBATCH-DCW$b00$c20131218$lBLL01$h1718
=CAT  \\$aBATCH-DCW$b00$c20131218$lBLL01$h1725
=CAT  \\$aBATCH-DCW$b00$c20131218$lBLL01$h1732
=CAT  \\$aBATCH-DCW$b00$c20131218$lBLL01$h1738
=CAT  \\$aBATCH-DCW$b00$c20131218$lBLL01$h1745
=CAT  \\$aBATCH-DCW$b00$c20131218$lBLL01$h1752
=CAT  \\$aBATCH-DCW$b00$c20131218$lBLL01$h1758
=CAT  \\$aBATCH-DCW$b00$c20140120$lBLL01$h0045
=CAT  \\$aBATCH-DCW$b00$c20140120$lBLL01$h0058
=CAT  \\$aWR14.046$c20140417$lBLL01$h1726
=CAT  \\$aWR13.144/5$c20140418$lBLL01$h1049
=CAT  \\$aBATCH-UPD$b00$c20150520$lBLL01$h1027
=CAT  \\$aBATCH-DCW$b00$c20151231$lBLL01$h1506
=CAT  \\$aBATCH-RIGH$c20170607$lBLL01$h1816
=CAT  \\$aR1706-1834$c20170629$lBLL01$h1227
=CAT  \\$a1805-0738$c20181228$lBLL01$h1836
=CAT  \\$a1805-0738$b00$c20181228$lBLL01$h1920
=FIN  \\$aY$d20131218
=LKR  \\$aPAR$lBLL01$r776$b001097426$mOn-Guard! : The official organ of the Sussex Home Protection Volunteer Brigade, 1st Battalion, Brighton : Weekly orders and news.$nOn-Guard! : The official organ of the Sussex Home Protection Volunteer Brigade, 1st Battalion, Brighton : Weekly orders and news.
=DGM  \\$a001097426$bCatBridge variable field
=DRT  \\$aWW1
=SRC  \\$aWW1$bEuropeana_Collections_1914-1918_20131213
=SRC  \\$aWW1$bEuropeana_Collections_1914-1918_20131213_1
=SRC  \\$aWW1$bEuropeana_Collections_1914-1918_20131213_2
=SRC  \\$aWW1$bEuropeana_Collections_1914-1918_20131213_3
=SRC  \\$aWW1$bEuropeana_Collections_1914-1918_20131213_4
=SRC  \\$aWW1$bEuropeana_Collections_1914-1918_20131213_5
=SRC  \\$aWW1$bEuropeana_Collections_1914-1918_20131213_6
=SRC  \\$aWW1$bEuropeana_Collections_1914-1918_20131213_7
=SRC  \\$aWW1$bEuropeana_Collections_1914-1918_20131213_8
=SRC  \\$aWW1$bEuropeana_Collections_1914-1918_20131213_9
=SRC  \\$aWW1$bEuropeana_Collections_1914-1918_20131219
=SRC  \\$aWW1$bEuropeana_Collections_1914-1918_20140504
=OHC  \\$a1
=LAS  \\$a1805-0738$b00$c20181228$lBLL01$h1920

