=LDR  02527 as a2200601 a 4500
=001  016586644
=003  Uk
=005  20131218170142.0
=007  cr\mn\024mpada
=007  ta
=008  880718d19161916enkmr\p\s\\\\o00\\a0eng\\
=FMT  \\$a  SE
=019  x\$a0970650124
=040  \\$aUk$cUk$dUk
=245  01$a"Thumbs-up" :$bmonthly journal published by the 260 Cºy Army Service Corps.
=264  \1$aWells :$b260 Cºy Army Service Corps,$c1916.
=300  \\$av ;$c(8º)
=310  \\$aMonthly
=336  \\$atext$2rdacontent
=337  \\$acomputer$2rdamedia
=338  \\$aonline$2rdacarrier
=340  \\$m8vo$2rdabf
=362  0\$aVol. 1, no. 1 (Feb. 1916)-v. 1, no. 2 (March 1916)
=610  10$aGreat Britain.$bArmy.$bRoyal Army Service Corps.$b260 Company$vPeriodicals.
=650  \0$aWorld War, 1914-1918$xPropaganda.
=655  \4$aTrench journal
=710  1\$aGreat Britain.$bArmy.$bRoyal Army Service Corps.$b260 Company.
=859  \\$aXLD$bWW1
=852  4\$cDRT$jDigital Store P.P.4039.wcc.(1.)$aBritish Library$bHMNTS$3Vol. 1, no. 1 (Feb. 1916)-v. 1, no. 2 (March 1916)
=985  \\$aCorrected by BSS-generated file for WR# 08/145
=985  \\$aCorrected by BSS-generated file for WR# 10/107
=985  \\$aCorrected by MS generated file for WR# 12.037
=985  \\$aEnhanced by MS generated file for WR# 12/139
=985  \\$aEnhanced by MS generated file for WR# 13/021
=985  \\$aEnhanced by MS generated file for WR# 13/054
=985  \\$aHeadings: World War, 1914-1918, Propaganda, and Trench journal globally added for the Europeana Project.
=985  \\$aCorrected by MS generated file for WR# 1805-0738
=CAT  \\$aBATCH-DCW$b00$c20131218$lBLL01$h1701
=CAT  \\$aBATCH-DCW$b00$c20140120$lBLL01$h0058
=CAT  \\$aWR14.046$c20140417$lBLL01$h1726
=CAT  \\$aWR13.144/5$c20140418$lBLL01$h1049
=CAT  \\$aBATCH-RIGH$c20170607$lBLL01$h1816
=CAT  \\$aR1706-1834$c20170629$lBLL01$h1227
=CAT  \\$a1805-0738$c20181228$lBLL01$h1836
=CAT  \\$a1805-0738$b00$c20181228$lBLL01$h1920
=FIN  \\$aY$d20131218
=LKR  \\$aPAR$lBLL01$r776$b001098008$m"Thumbs-up" : monthly journal published by the 260 Cºy Army Service Corps.$n"Thumbs-up" : monthly journal published by the 260 Cºy Army Service Corps.
=DGM  \\$a001098008$bCatBridge variable field
=DRT  \\$aWW1
=SRC  \\$aWW1$bEuropeana_Collections_1914-1918_20131213_1
=SRC  \\$aWW1$bEuropeana_Collections_1914-1918_20131219
=OHC  \\$a1
=LAS  \\$a1805-0738$b00$c20181228$lBLL01$h1920

