=LDR  03264 as a2200793 a 4500
=001  016586645
=003  Uk
=005  20131218170142.0
=007  cr\mn\024mpada
=007  ta
=008  900116d19161919enkuu\p\s\\\\\00\\a0eng\\
=FMT  \\$a  SE
=019  c\$a2381634
=019  x\$a2543000275
=040  \\$aUk$cUk$dUk
=245  04$aThe Ration :$bthe magazine of the Reading War Hospitals.
=264  \1$aReading :$bReading War Hospitals,$c1916-[1919?]
=300  \\$av :$billustrations ;$c(8º)
=336  \\$atext$2rdacontent
=337  \\$acomputer$2rdamedia
=338  \\$aonline$2rdacarrier
=340  \\$m8vo$2rdabf
=362  0\$avol. 1, no. 1 (Jan. 8, 1916)-
=362  1\$aCeased in 1919?
=540  \\$aCurrent copyright fee: GBP12.00$c0$5Uk
=650  \0$aWorld War, 1914-1918$xPropaganda.
=655  \4$aPeriodical publications.- Reading
=655  \4$aTrench journal
=859  \\$aXLD$bWW1
=852  4\$cDRT$jDigital Store P.P.4039.wre.$aBritish Library$bHMNTS$3Vol. 1, no. 1 (Jan. 1916)-v. 1, no. 12 (Dec. 1916)
=945  \\$aRation -Reading-.
=979  \\$aBritish Library$bDSC$j7295.431500N
=985  \\$aCorrected by BSS-generated file for WR# 10/107
=985  \\$aCorrected by MS generated file for WR# 12.037
=985  \\$aEnhanced by MS generated file for WR# 12/139
=985  \\$aHeadings: World War, 1914-1918, Propaganda, and Trench journal added globally for the Europeana Project.
=985  \\$aCorrected by MS generated file for WR# 1805-0738
=CAT  \\$aBATCH-DCW$b00$c20131218$lBLL01$h1701
=CAT  \\$aBATCH-DCW$b00$c20131218$lBLL01$h1711
=CAT  \\$aBATCH-DCW$b00$c20131218$lBLL01$h1718
=CAT  \\$aBATCH-DCW$b00$c20131218$lBLL01$h1725
=CAT  \\$aBATCH-DCW$b00$c20131218$lBLL01$h1732
=CAT  \\$aBATCH-DCW$b00$c20131218$lBLL01$h1738
=CAT  \\$aBATCH-DCW$b00$c20131218$lBLL01$h1745
=CAT  \\$aBATCH-DCW$b00$c20131218$lBLL01$h1752
=CAT  \\$aBATCH-DCW$b00$c20131218$lBLL01$h1758
=CAT  \\$aBATCH-DCW$b00$c20140120$lBLL01$h0045
=CAT  \\$aWR14.046$c20140417$lBLL01$h1726
=CAT  \\$aWR13.144/5$c20140418$lBLL01$h1049
=CAT  \\$aBATCH-RIGH$c20170607$lBLL01$h1816
=CAT  \\$aR1706-1834$c20170629$lBLL01$h1227
=CAT  \\$a1805-0738$c20181228$lBLL01$h1836
=CAT  \\$a1805-0738$b00$c20181228$lBLL01$h1920
=FIN  \\$aY$d20131218
=LKR  \\$aPAR$lBLL01$r776$b002867668$mThe Ration : the magazine of the Reading War Hospitals.$nThe Ration : the magazine of the Reading War Hospitals.
=DGM  \\$a002867668$bCatBridge variable field
=DRT  \\$aWW1
=SRC  \\$aWW1$bEuropeana_Collections_1914-1918_20131213
=SRC  \\$aWW1$bEuropeana_Collections_1914-1918_20131213_1
=SRC  \\$aWW1$bEuropeana_Collections_1914-1918_20131213_2
=SRC  \\$aWW1$bEuropeana_Collections_1914-1918_20131213_3
=SRC  \\$aWW1$bEuropeana_Collections_1914-1918_20131213_4
=SRC  \\$aWW1$bEuropeana_Collections_1914-1918_20131213_5
=SRC  \\$aWW1$bEuropeana_Collections_1914-1918_20131213_6
=SRC  \\$aWW1$bEuropeana_Collections_1914-1918_20131213_7
=SRC  \\$aWW1$bEuropeana_Collections_1914-1918_20131213_8
=SRC  \\$aWW1$bEuropeana_Collections_1914-1918_20131213_9
=OHC  \\$a1
=LAS  \\$a1805-0738$b00$c20181228$lBLL01$h1920

