=LDR  02171 am a22005173  4500
=001  016586651
=003  Uk
=005  20200626183315.0
=007  cr\mn\024mpada
=008  880718|1924||||stk\\\\|s\\\\o|||\||eng\\
=FMT  \\$a  BK
=019  x\$a0970010001
=040  \\$aUk$cUk
=110  1\$aGreat Britain.$bArmy.$bInfantry.$bRegiments.$bBlack Watch (Royal Highlanders)
=245  12$aA Brief History of the Royal Highland Regiment ... By John Stewart ... New edition, containing a record of the Great War.
=264  \1$aEdinburgh,$c1924.
=300  \\$a105 pages ;$c(16º)
=336  \\$atext$2rdacontent
=337  \\$acomputer$2rdamedia
=338  \\$aonline$2rdacarrier
=650  \0$aRegimental histories
=655  \4$abook
=700  1\$aSTEWART, John,$cD.S.O.
=859  \\$aXLD$bWW1
=886  2\$2blmarc$a709$b00$aSTEWART$hJohn$fD.S.O.$p8832.de.57.$x3133770306
=852  4\$cDRT$jDigital Store 8832.de.57.$aBritish Library$bHMNTS
=985  \\$aCorrected by BSS-generated file
=985  \\$aCorrected by BSS-generated file for WR# 08/145
=985  \\$aCorrected by BSS-generated file for WR# 11/031
=985  \\$aEnhanced by MS generated file for WR# 12/139
=985  \\$aEnhanced by MS generated file for WR# 13/021
=985  \\$aEnhanced by MS generated file for WR# 13/054
=985  \\$aCorrected by MS generated file for WR# 1805-0738
=CAT  \\$aBATCH-DCW$b00$c20131218$lBLL01$h1802
=CAT  \\$aWR14.046$c20140417$lBLL01$h1726
=CAT  \\$aWR13.144/5$c20140418$lBLL01$h1049
=CAT  \\$a1805-0738$c20181228$lBLL01$h1836
=CAT  \\$a1805-0738$b00$c20181228$lBLL01$h1920
=CAT  \\$aW2001-2376$c20200626$lBLL01$h1833
=FIN  \\$aY$d20131218
=LKR  \\$aPAR$lBLL01$r776$b001096349$mA Brief History of the Royal Highland Regiment ... By John Stewart ... New edition, containing a record of the Great War.$nA Brief History of the Royal Highland Regiment ... By John Stewart ... New edition, containing a record of the Great War.
=DGM  \\$a001096349$bCatBridge variable field
=DRT  \\$aWW1
=SRC  \\$aWW1$bEuropeana_Collections_1914-1918_20131216_1
=OHC  \\$a1
=LAS  \\$aW2001-2376$b00$c20200626$lBLL01$h1833

