=LDR  02315 am a22005533  4500
=001  016586652
=003  Uk
=005  20200626183315.0
=007  cr\mn\024mpada
=008  880718|1920||||enk\\\\|s\\\\o|||\||eng\\
=FMT  \\$a  BK
=019  x\$a0970090153
=040  \\$aUk$cUk
=110  1\$aGreat Britain.$bArmy.$bInfantry.$bRegiments.$bEast Yorkshire Volunteer Force.
=245  10$aRecords ... 1914-1919. Compiled by ... Col. W. Lambert White ... Edited by Major F. H. Lock. [With plates.]
=264  \1$aHull,$c1920.
=300  \\$a82 pages ;$c(8º)
=336  \\$atext$2rdacontent
=337  \\$acomputer$2rdamedia
=338  \\$aonline$2rdacarrier
=650  \0$aRegimental histories
=655  \4$aOfficial document
=700  1\$aLOCK, Frederick Heathfield.
=700  1\$aWHITE, William Lambert.
=859  \\$aXLD$bWW1
=886  2\$2blmarc$a709$b00$aLOCK$hFrederick Heathfield$p9083.dd.9.$x1961030144
=886  2\$2blmarc$a709$b00$aWHITE$hWilliam Lambert$p9083.dd.9.$x3500180337
=852  4\$cDRT$jDigital Store 9083.dd.9.$aBritish Library$bHMNTS
=985  \\$aCorrected by BSS-generated file for WR# 08/145
=985  \\$aCorrected by BSS-generated file for WR# 11/031
=985  \\$aEnhanced by MS generated file for WR# 12/139
=985  \\$aEnhanced by MS generated file for WR# 13/021
=985  \\$aEnhanced by MS generated file for WR# 13/054
=985  \\$aCorrected by MS generated file for WR# 1805-0738
=CAT  \\$aBATCH-DCW$b00$c20131218$lBLL01$h1802
=CAT  \\$aWR14.046$c20140417$lBLL01$h1726
=CAT  \\$aWR13.144/5$c20140418$lBLL01$h1049
=CAT  \\$aBATCH-RIGH$c20170607$lBLL01$h1816
=CAT  \\$aR1706-1834$c20170629$lBLL01$h1227
=CAT  \\$a1805-0738$c20181228$lBLL01$h1836
=CAT  \\$a1805-0738$b00$c20181228$lBLL01$h1920
=CAT  \\$aW2001-2376$c20200626$lBLL01$h1833
=FIN  \\$aY$d20131218
=LKR  \\$aPAR$lBLL01$r776$b001096545$mRecords ... 1914-1919. Compiled by ... Col. W. Lambert White ... Edited by Major F. H. Lock. [With plates.]$nRecords ... 1914-1919. Compiled by ... Col. W. Lambert White ... Edited by Major F. H. Lock. [With plates.]
=DGM  \\$a001096545$bCatBridge variable field
=DRT  \\$aWW1
=SRC  \\$aWW1$bEuropeana_Collections_1914-1918_20131216_1
=OHC  \\$a1
=LAS  \\$aW2001-2376$b00$c20200626$lBLL01$h1833

