=LDR  02231 am a22005173  4500
=001  016586653
=003  Uk
=005  20200626183315.0
=007  cr\mn\024mpada
=008  880629|1916||||enk\\\\|s\\\\o|||\||eng\\
=FMT  \\$a  BK
=019  x\$a0980770262
=040  \\$aUk$cUk
=110  1\$aGreat Britain.$bHome Office.
=245  10$aReport by Sir Ralph Paget ... on the Retreat of Part of the British Hospital Units from Serbia, October-December, 1915. [With a map.]
=264  \1$a[London],$c[1916?]
=300  \\$a24 pages ;$c(8º)
=336  \\$atext$2rdacontent
=337  \\$acomputer$2rdamedia
=338  \\$aonline$2rdacarrier
=650  \0$aWorld War, 1914-1918$xMedical care
=650  \0$aWorld War, 1914-1918$zSerbia
=655  \4$aOfficial document
=700  1\$aPAGET, Ralph Spencer,$cRight Hon. Sir,$cK.C.M.G.
=859  \\$aXLD$bWW1
=886  2\$2blmarc$a709$b00$aPAGET$eRight Hon. Sir$hRalph Spencer$fK.C.M.G.$pB.S.18/225.$x2451840226
=852  4\$cDRT$jDigital Store B.S.18/225.$aBritish Library$bHMNTS
=985  \\$aCorrected by BSS-generated file for WR# 11/211
=985  \\$aCorrected by MS generated file for WR# 12.037
=985  \\$aEnhanced by MS generated file for WR# 12/139
=985  \\$aEnhanced by MS generated file for WR# 13/021
=985  \\$aEnhanced by MS generated file for WR# 13/054
=985  \\$aCorrected by MS generated file for WR# 1805-0738
=CAT  \\$aBATCH-DCW$b00$c20131218$lBLL01$h1802
=CAT  \\$aWR14.046$c20140417$lBLL01$h1726
=CAT  \\$aWR13.144/5$c20140418$lBLL01$h1049
=CAT  \\$a1805-0738$c20181228$lBLL01$h1836
=CAT  \\$a1805-0738$b00$c20181228$lBLL01$h1920
=CAT  \\$aW2001-2376$c20200626$lBLL01$h1833
=FIN  \\$aY$d20131218
=LKR  \\$aPAR$lBLL01$r776$b001109695$mReport by Sir Ralph Paget ... on the Retreat of Part of the British Hospital Units from Serbia, October-December, 1915. [With a map.]$nReport by Sir Ralph Paget ... on the Retreat of Part of the British Hospital Units from Serbia, October-December, 1915. [With a map.]
=DGM  \\$a001109695$bCatBridge variable field
=DRT  \\$aWW1
=SRC  \\$aWW1$bEuropeana_Collections_1914-1918_20131216_1
=OHC  \\$a1
=LAS  \\$aW2001-2376$b00$c20200626$lBLL01$h1833

