=LDR  01873 am a22004933  4500
=001  016586654
=003  Uk
=005  20200626183315.0
=007  cr\mn\024mpada
=008  890216|1919||||enk\\\\|s\\\\o|||\||eng\\
=FMT  \\$a  BK
=019  x\$a1572150157
=040  \\$aUk$cUk
=100  1\$aI., W.
=245  14$aThe Final Blow of the First Army in 1918. By I. W. [With maps.]
=264  \1$aLondon :$bThe Times Publishing Co,$c[1919]
=300  \\$a22 pages ;$c(8º)
=336  \\$atext$2rdacontent
=337  \\$acomputer$2rdamedia
=338  \\$aonline$2rdacarrier
=650  \0$aRegimental histories
=655  \4$aBook
=710  1\$aGreat Britain.$bArmy.$bAir Corps.
=859  \\$aXLD$bWW1
=886  2\$2blmarc$a709$b00$aENGLAND$dDepartments of State and Official Bodies$dArmy$dFirst Army$p9082.dd.10.$x0964450135
=852  4\$cDRT$jDigital Store 9082.dd.10.$aBritish Library$bHMNTS
=985  \\$aCorrected by BSS-generated file for WR# 11/160
=985  \\$aEnhanced by MS generated file for WR# 12/139
=985  \\$aCorrected by MS generated file for WR# 1805-0738
=CAT  \\$aBATCH-DCW$b00$c20131218$lBLL01$h1802
=CAT  \\$aWR14.046$c20140417$lBLL01$h1726
=CAT  \\$aWR13.144/5$c20140418$lBLL01$h1049
=CAT  \\$aBATCH-RIGH$c20170607$lBLL01$h1816
=CAT  \\$aR1706-1834$c20170629$lBLL01$h1227
=CAT  \\$a1805-0738$c20181228$lBLL01$h1836
=CAT  \\$a1805-0738$b00$c20181228$lBLL01$h1920
=CAT  \\$aW2001-2376$c20200626$lBLL01$h1833
=FIN  \\$aY$d20131218
=LKR  \\$aPAR$lBLL01$r776$b001786035$mThe Final Blow of the First Army in 1918. By I. W. [With maps.]$nThe Final Blow of the First Army in 1918. By I. W. [With maps.]
=DGM  \\$a001786035$bCatBridge variable field
=DRT  \\$aWW1
=SRC  \\$aWW1$bEuropeana_Collections_1914-1918_20131216_1
=OHC  \\$a1
=LAS  \\$aW2001-2376$b00$c20200626$lBLL01$h1833

