=LDR  01968 am a22004693  4500
=001  016586655
=003  Uk
=005  20200626183315.0
=007  cr\mn\024mpada
=008  890411|1917||||enk\\\\|s\\\\\|||\||eng\\
=FMT  \\$a  BK
=019  x\$a2014260087
=040  \\$aUk$cUk
=100  1\$aLoyson, Paul Hyacinthe,$d1873-1921.
=245  14$aThe Glory of Serbia. Being a reprint from "The Gods in the Battle," etc.$cby Paul Hyacinthe Loyson ; translated by Lady Frazer ; with a preface by V.R. Savić.
=264  \1$a[London],$c[1917]
=300  \\$a17 pages ;$c(8º)
=336  \\$atext$2rdacontent
=337  \\$acomputer$2rdamedia
=338  \\$aonline$2rdacarrier
=500  \\$a"The separate reprint of this chapter is issued by the permission of the Publishers, Messrs. Hodder & Stoughton, of St. Paul's House, Warwick Square.
=650  \0$aWorld War, 1914-1918$xMoral and ethical aspects
=650  \0$aWorld War, 1914-1918$zSerbia
=655  \4$aBook
=859  \\$aXLD$bWW1
=852  4\$cDRT$jDigital Store 08028.de.107.$aBritish Library$bHMNTS
=985  \\$aCorrected by BSS-generated file for WR# 11/211
=985  \\$aEnhanced by MS generated file for WR# 12/139
=985  \\$aCorrected by MS generated file for WR# 1805-0738
=CAT  \\$aBATCH-DCW$b00$c20131218$lBLL01$h1802
=CAT  \\$aWR14.046$c20140417$lBLL01$h1726
=CAT  \\$aWR13.144/5$c20140418$lBLL01$h1049
=CAT  \\$a1805-0738$c20181228$lBLL01$h1836
=CAT  \\$a1805-0738$b00$c20181228$lBLL01$h1920
=CAT  \\$aW2001-2376$c20200626$lBLL01$h1833
=FIN  \\$aY$d20131218
=LKR  \\$aPAR$lBLL01$r776$b002273674$mThe Glory of Serbia. Being a reprint from "The Gods in the Battle," etc.$nThe Glory of Serbia. Being a reprint from "The Gods in the Battle," etc.
=DGM  \\$a002273674$bCatBridge variable field
=DRT  \\$aWW1
=SRC  \\$aWW1$bEuropeana_Collections_1914-1918_20131216_1
=OHC  \\$a1
=LAS  \\$aW2001-2376$b00$c20200626$lBLL01$h1833

