=LDR  01745 am a22004693  4500
=001  016586656
=003  Uk
=005  20200626183315.0
=007  cr\mn\024mpada
=008  890522|1916||||enk\\\\|s\\\\\|||\||eng\\
=FMT  \\$a  BK
=019  x\$a2050440189
=040  \\$aUk$cUk
=100  1\$aMACDONAGH, Michael,$cthe Younger.
=245  14$aThe Irish at the Front ... With an introduction by John Redmond.
=264  \1$aLondon :$bHodder & Stoughton,$c1916.
=300  \\$axiii, 158 pages ;$c(8º)
=336  \\$atext$2rdacontent
=337  \\$acomputer$2rdamedia
=338  \\$aonline$2rdacarrier
=650  \0$aWorld War, 1914-1918
=655  \4$aBook
=700  1\$aREDMOND, John Edward.
=859  \\$aXLD$bWW1
=886  2\$2blmarc$a709$b00$aREDMOND$hJohn Edward$p9082.gg.17.$x2720710202
=852  4\$cDRT$jDigital Store 9082.gg.17.$aBritish Library$bHMNTS
=985  \\$aCorrected by BSS-generated file for WR# 11/048
=985  \\$aEnhanced by MS generated file for WR# 12/139
=985  \\$aCorrected by MS generated file for WR# 1805-0738
=CAT  \\$aBATCH-DCW$b00$c20131218$lBLL01$h1802
=CAT  \\$aWR14.046$c20140417$lBLL01$h1726
=CAT  \\$aWR13.144/5$c20140418$lBLL01$h1049
=CAT  \\$a1805-0738$c20181228$lBLL01$h1836
=CAT  \\$a1805-0738$b00$c20181228$lBLL01$h1920
=CAT  \\$aW2001-2376$c20200626$lBLL01$h1833
=FIN  \\$aY$d20131218
=LKR  \\$aPAR$lBLL01$r776$b002309183$mThe Irish at the Front ... With an introduction by John Redmond.$nThe Irish at the Front ... With an introduction by John Redmond.
=DGM  \\$a002309183$bCatBridge variable field
=DRT  \\$aWW1
=SRC  \\$aWW1$bEuropeana_Collections_1914-1918_20131216_1
=OHC  \\$a1
=LAS  \\$aW2001-2376$b00$c20200626$lBLL01$h1833

