=LDR  01817 am a22004573  4500
=001  016586657
=003  Uk
=005  20131218180252.0
=007  cr\mn\024mpada
=008  900131|1915||||fr\\\\\|s\\\\\|||\||eng\\
=FMT  \\$a  BK
=019  x\$a2731230215
=040  \\$aUk$cUk
=100  1\$aReiss, R. A.$q(Rodolphe Archibald),$d1875-1929.
=245  10$aHow Austria-Hungary waged war in Serbia: personal investigations of a neutral, etc.
=260  \\$aParis :$bA. Colin,$c1915.
=300  \\$a48 p. :$bill., diagrs. ;$c22 cm.
=336  \\$atext$2rdacontent
=337  \\$acomputer$2rdamedia
=338  \\$aonline$2rdacarrier
=580  \\$aIn : European War, 1914. Studies and Documents on the War. 1915, etc. 8º.
=650  \0$aWorld War, 1914-1918$xAtrocities.
=650  \0$aWorld War, 1914-1918$zSerbia
=655  \4$aBook
=859  \\$aXLD$bWW1
=852  4\$cDRT$jDigital Store 08028.ee.40.(5.)$aBritish Library$bHMNTS
=985  \\$aCorrected by BSS-generated file for WR# 11/211
=985  \\$aCorrected by MS generated file for WR# 12.037
=985  \\$aEnhanced by MS generated file for WR# 12/139
=985  \\$aEnhanced by MS generated file for WR# 13/021
=985  \\$aEnhanced by MS generated file for WR# 13/054
=CAT  \\$aBATCH-DCW$b00$c20131218$lBLL01$h1802
=CAT  \\$aWR14.046$c20140417$lBLL01$h1726
=CAT  \\$aWR13.144/5$c20140418$lBLL01$h1049
=FIN  \\$aY$d20131218
=LKR  \\$aPAR$lBLL01$r776$b003069557$mHow Austria-Hungary waged war in Serbia: personal investigations of a neutral, etc.$nHow Austria-Hungary waged war in Serbia: personal investigations of a neutral, etc.
=DGM  \\$a003069557$bCatBridge variable field
=DRT  \\$aWW1
=SRC  \\$aWW1$bEuropeana_Collections_1914-1918_20131216_1
=OHC  \\$a1
=LAS  \\$aWR13.144/5$b00$c20140418$lBLL01$h1049

