=LDR  02428 as a2200625 a 4500
=001  016586658
=003  Uk
=005  20131218180253.0
=007  cr\mn\024mpada
=007  ta
=008  880209d19161919fr\uu\p\s\\\\o00\\a0eng\\
=FMT  \\$a  SE
=019  c\$a2251386
=019  x\$a0523070136
=040  \\$aUk$cUk$dUk
=245  04$aThe Rouelles Camp Magazine.
=264  \1$aLe Havre :$b[Canadian Base Depot, Rouelles Camp],$c1916-1919.
=300  \\$c(8º)
=336  \\$atext$2rdacontent
=337  \\$acomputer$2rdamedia
=338  \\$aonline$2rdacarrier
=340  \\$m8vo$2rdabf
=362  1\$aBegan with vol. 1 (April 1916).
=500  \\$a"Printed by kind permission of: Lieut-Colonel E. B. Worthington, Officer Commanding Canadian Base Depot." - vol. 1.
=500  \\$aCanadian Base Depot, Rouelles Camp, Le Havre.
=540  \\$aCurrent copyright fee: GBP12.00$c0$5Uk
=650  \0$aRegimental histories.
=650  \0$aWorld War, 1914-1918$xParticipation, Canadian$vPeriodicals.
=650  \0$aWorld War, 1914-1918$xTrench warfare.
=655  \4$aTrench journal
=710  1\$aCanada.$bCanadian Army.$bCanadian Base Depot, Havre.
=859  \\$aXLD$bWW1
=852  4\$cDRT$jDigital Store P.P.4039.wfe.(1.)$aBritish Library$bHMNTS$3Vol. 2 (Oct. 1916)-v. 4 (Sept. 1918)
=945  \\$aRouelles camp magazine.
=979  \\$aBritish Library$bDSC$j8025.757000N
=985  \\$aCorrected by BSS-generated file for WR# 11/211
=985  \\$aCorrected by MS generated file for WR# 12.037
=985  \\$aEnhanced by MS generated file for WR# 12/139
=985  \\$aCorrected by MS generated file for WR# 1805-0738
=CAT  \\$aBATCH-DCW$b00$c20131218$lBLL01$h1802
=CAT  \\$aBATCH-DCW$b00$c20131218$lBLL01$h1812
=CAT  \\$aBATCH-DCW$b00$c20140120$lBLL01$h0221
=CAT  \\$aWR14.046$c20140417$lBLL01$h1726
=CAT  \\$aWR13.144/5$c20140418$lBLL01$h1049
=CAT  \\$a1805-0738$c20181228$lBLL01$h1836
=CAT  \\$a1805-0738$b00$c20181228$lBLL01$h1920
=FIN  \\$aY$d20131218
=LKR  \\$aPAR$lBLL01$r776$b000588956$mThe Rouelles Camp Magazine.$nThe Rouelles Camp Magazine.
=DGM  \\$a000588956$bCatBridge variable field
=DRT  \\$aWW1
=SRC  \\$aWW1$bEuropeana_Collections_1914-1918_20131216_1
=SRC  \\$aWW1$bEuropeana_Collections_1914-1918_20131217_1
=SRC  \\$aWW1$bEuropeana_Collections_1914-1918_20140113
=OHC  \\$a1
=LAS  \\$a1805-0738$b00$c20181228$lBLL01$h1920

