=LDR  02180 am a22005053  4500
=001  016586659
=003  Uk
=005  20200626183315.0
=007  cr\mn\024mpada
=008  880127|1914||||enk\\\\|s\\\\\|||\||eng\\
=FMT  \\$a  BK
=019  x\$a0455040192
=040  \\$aUk$cUk
=100  1\$aBryce, James Bryce,$cViscount,$d1838-1922.
=245  10$aNeutral Nations and the War. [Reprinted from the "Daily Chronicle."]
=264  \1$aLondon :$bMacmillan & Co,$c1914.
=300  \\$a16 pages ;$c(8º)
=336  \\$atext$2rdacontent
=337  \\$acomputer$2rdamedia
=338  \\$aonline$2rdacarrier
=650  \0$aWorld War, 1914-1918$xPropaganda.
=655  \4$aPamphlet
=775  0\$t[Neutral Nations and the War. [Reprinted from the "Daily Chronicle."]]$w(Uk)MP1.0000539988.1$dpp. 32. Andrew Melrose: London, 1914. 8º.
=859  \\$aXLD$bWW1
=852  4\$cDRT$jDigital Store 08027.b.8.(2.)$aBritish Library$bHMNTS
=985  \\$aCorrected by BSS-generated file for WR# 11/211
=985  \\$aDisaggregated record: Type B
=985  \\$aEnhanced by MS generated file for WR# 12/139
=985  \\$aEnhanced by MS generated file for WR# 13/021
=985  \\$aEnhanced by MS generated file for WR# 13/054
=985  \\$aCorrected by MS generated file for WR# 1805-0738
=CAT  \\$aBATCH-DCW$b00$c20131218$lBLL01$h1809
=CAT  \\$aWR14.046$c20140417$lBLL01$h1726
=CAT  \\$aWR13.144/5$c20140418$lBLL01$h1049
=CAT  \\$a1805-0738$c20181228$lBLL01$h1836
=CAT  \\$a1805-0738$b00$c20181228$lBLL01$h1920
=CAT  \\$aW2001-2376$c20200626$lBLL01$h1833
=FIN  \\$aY$d20131218
=LKR  \\$aPAR$b000511027$r775$mNeutral Nations and the War. [Reprinted from the "Daily Chronicle."]$n[Neutral Nations and the War. [Reprinted from the "Daily Chronicle."]]
=LKR  \\$aPAR$lBLL01$r776$b000511026$mNeutral Nations and the War. [Reprinted from the "Daily Chronicle."]$nNeutral Nations and the War. [Reprinted from the "Daily Chronicle."]
=DGM  \\$a000511026$bCatBridge variable field
=DRT  \\$aWW1
=SRC  \\$aWW1$bEuropeana_Collections_1914-1918_20131217_1
=OHC  \\$a1
=LAS  \\$aW2001-2376$b00$c20200626$lBLL01$h1833

