=LDR  02091 am a2200493 a 4500
=001  016586660
=003  Uk
=005  20200626183315.0
=007  cr\mn\024mpada
=008  881229s1920\\\\hu\\\\\\s\\\\\000\0\fre\\
=FMT  \\$a  BK
=019  x\$a163291008X
=040  \\$aUk$cUk$dUk
=100  1\$aJancsó, Benedek,$d1854-1930.
=245  10$aDefensio nationis Hungaricae :$brecours en appel auprès du tribunal de l'opinion scientifique impartiale de l'humanité /$cpar Benoît Jancsó.
=264  \1$aBudapest :$bVictor Hornyánszky imprimeur-éditeur de la cour royale,$c1920.
=300  \\$aIV, 287 pages ;$c23 cm, (8º)
=336  \\$atext$2rdacontent
=337  \\$acomputer$2rdamedia
=338  \\$aonline$2rdacarrier
=650  \0$aWorld War, 1914-1918$xTerritorial questions$zHungary.
=651  \0$aEurope, Central$xEthnic relations.
=651  \0$aHungary$xEthnic relations.
=651  \0$aHungary$xHistory.
=655  \4$aBook
=859  \\$aXLD$bWW1
=852  4\$cDRT$jDigital Store X.700/3276$aBritish Library$bHMNTS
=985  \\$aCorrected by BSS-generated file for WR# 11/031
=985  \\$aCorrected by MS generated file for WR# 12.037
=985  \\$aCorrected by MS generated file for WR# 1805-0738
=CAT  \\$aBATCH-DCW$b00$c20131218$lBLL01$h1809
=CAT  \\$aWR14.046$c20140417$lBLL01$h1726
=CAT  \\$aWR13.144/5$c20140418$lBLL01$h1049
=CAT  \\$a1805-0738$c20181228$lBLL01$h1836
=CAT  \\$a1805-0738$b00$c20181228$lBLL01$h1920
=CAT  \\$aW2001-2376$c20200626$lBLL01$h1833
=CAT  \\$aBATCH-UPD$b00$c20210114$lBLL01$h2025
=FIN  \\$aY$d20131218
=LKR  \\$aPAR$lBLL01$r776$b001849627$mDefensio nationis Hungaricae : recours en appel auprès du tribunal de l'opinion scientifique impartiale de l'humanité /$nDefensio nationis Hungaricae : recours en appel auprès du tribunal de l'opinion scientifique impartiale de l'humanité /
=DGM  \\$a001849627$bCatBridge variable field
=DRT  \\$aWW1
=SRC  \\$aWW1$bEuropeana_Collections_1914-1918_20131217_1
=OHC  \\$a1
=LAS  \\$aBATCH-UPD$b00$c20210114$lBLL01$h2025

