=LDR  02238 as a22005533  4500
=001  016586661
=003  Uk
=005  20131218180947.0
=007  cr\mn\024mpada
=008  871217u1918||||fr\|||p|s|\\\o||\\||eng\\
=FMT  \\$a  SE
=019  c\$a2254846
=019  x\$a0142310204
=040  \\$aUk$cUk
=110  1\$aAustralia.$bAustralian Army.$bAustralian Imperial Force (1914-1921).$bInfantry Brigade, 7th.
=245  14$aThe Y.M. Touch :$bthe journal of the 7th Australian Infantry Brigade Y.M.C.A. no. 1. Aug. 1918.
=246  3\$aYM Touch
=264  \1$aIn the Field, France,$c1918.
=300  \\$av ;$c(4º)
=336  \\$atext$2rdacontent
=337  \\$acomputer$2rdamedia
=338  \\$aonline$2rdacarrier
=340  \\$m4to$2rdabf
=362  0\$aNo. 1 (Aug. 1918)-
=540  \\$aCurrent copyright fee: GBP12.00$c0$5Uk
=610  10$aAustralia.$bAustralian Army.$bAustralian Imperial Force (1914-1921).$bInfantry Brigade, 7th$vPeriodicals.
=650  \0$aWorld War, 1914-1918$zWestern Front$vPeriodicals.
=655  \4$aTrench journal
=859  \\$aXLD$bWW1
=852  4\$cDRT$jDigital Store P.P.4039.wbi.(9.)$aBritish Library$bHMNTS$3No. 1 (Aug. 1918) only
=945  \\$aYM TOUCH.
=979  \\$aBritish Library$bDSC$j9418.615000N
=985  \\$aCorrected by MS generated file for WR# 12.037
=985  \\$aEnhanced by MS generated file for WR# 12/139
=985  \\$aCorrected by MS generated file for WR# 1805-0738
=CAT  \\$aBATCH-DCW$b00$c20131218$lBLL01$h1809
=CAT  \\$aWR14.046$c20140417$lBLL01$h1726
=CAT  \\$aWR13.144/5$c20140418$lBLL01$h1049
=CAT  \\$aBATCH-RIGH$c20170607$lBLL01$h1816
=CAT  \\$aR1706-1834$c20170629$lBLL01$h1227
=CAT  \\$a1805-0738$c20181228$lBLL01$h1836
=CAT  \\$a1805-0738$b00$c20181228$lBLL01$h1920
=FIN  \\$aY$d20131218
=LKR  \\$aPAR$lBLL01$r776$b000146860$mThe Y.M. Touch : the journal of the 7th Australian Infantry Brigade Y.M.C.A. no. 1. Aug. 1918.$nThe Y.M. Touch : the journal of the 7th Australian Infantry Brigade Y.M.C.A. no. 1. Aug. 1918.
=DGM  \\$a000146860$bCatBridge variable field
=DRT  \\$aWW1
=SRC  \\$aWW1$bEuropeana_Collections_1914-1918_20131217_1
=OHC  \\$a1
=LAS  \\$a1805-0738$b00$c20181228$lBLL01$h1920

