=LDR  02479 as a2200589 a 4500
=001  016586662
=003  Uk
=005  20131218180947.0
=007  cr\mn\024mpada
=007  ta
=008  880209d191u19uuenkuu\p\s\\\\o00\\a0eng\\
=FMT  \\$a  SE
=019  x\$a0523080166
=040  \\$aUk$cUk
=245  04$aThe maple leaf :$bthe magazine of the Canadian Expeditionary Force (of the Overseas Military Forces of Canada).
=264  \1$a[London],$c[s.n.]
=300  \\$av ;$c(8º & 4º)
=336  \\$atext$2rdacontent
=337  \\$acomputer$2rdamedia
=338  \\$aonline$2rdacarrier
=340  \\$m4to$2rdabf
=340  \\$m8vo$2rdabf
=610  10$aCanada.$bCanadian Army.$bCanadian Expeditionary Force.
=650  \0$aRegimental histories.
=650  \0$aWorld War, 1914-1918$vPeriodicals.
=650  \0$aWorld War, 1914-1918$xTrench warfare.
=655  \4$aTrench journal
=710  1\$aCanada.$bCanadian Army.$bCanadian Expeditionary Force.
=859  \\$aXLD$bWW1
=852  4\$cDRT$jDigital Store P.P.4039.wd.(6.)$aBritish Library$bHMNTS$3Vol. 2, no. 5 (1916)-v. 4, no. 11 (Dec. 1918)
=985  \\$a650 0{dollar}aWorld War, 1914-1918{dollar}xTrench warfare -- 650 {dollar}aRegimental histories -- Europeana Project LCSH.
=985  \\$aCorrected by MS generated file for WR# 12.037
=985  \\$aEnhanced by MS generated file for WR# 12/139
=985  \\$aCorrected by MS generated file for WR# 1805-0738
=CAT  \\$aBATCH-DCW$b00$c20131218$lBLL01$h1809
=CAT  \\$aBATCH-DCW$b00$c20140120$lBLL01$h0058
=CAT  \\$aBATCH-DCW$b00$c20140120$lBLL01$h0221
=CAT  \\$aBATCH-DCW$b00$c20140120$lBLL01$h1108
=CAT  \\$aWR14.046$c20140417$lBLL01$h1726
=CAT  \\$aWR13.144/5$c20140418$lBLL01$h1049
=CAT  \\$a1805-0738$c20181228$lBLL01$h1836
=CAT  \\$a1805-0738$b00$c20181228$lBLL01$h1920
=FIN  \\$aY$d20131218
=LKR  \\$aPAR$lBLL01$r776$b000588986$mThe maple leaf : the magazine of the Canadian Expeditionary Force (of the Overseas Military Forces of Canada).$nThe maple leaf : the magazine of the Canadian Expeditionary Force (of the Overseas Military Forces of Canada).
=DGM  \\$a000588986$bCatBridge variable field
=DRT  \\$aWW1
=SRC  \\$aWW1$bEuropeana_Collections_1914-1918_20131217_1
=SRC  \\$aWW1$bEuropeana_Collections_1914-1918_20131219
=SRC  \\$aWW1$bEuropeana_Collections_1914-1918_20140113
=SRC  \\$aWW1$bEuropeana_Collections_1914-1918_20140117
=OHC  \\$a1
=LAS  \\$a1805-0738$b00$c20181228$lBLL01$h1920

