=LDR  02459 as a2200637 a 4500
=001  016586663
=003  Uk
=005  20131218180947.0
=007  cr\mn\024mpada
=007  ta
=008  880209d191719uufr\uu\p\s\\\\\00\\a0eng\\
=FMT  \\$a  SE
=019  c\$a2250922
=019  x\$a0523090161
=040  \\$aUk$cUk$dUk
=245  00$aShell hole advance.
=264  \1$a[France?] :$b[11 th Canadian Infantry Brigade]
=300  \\$av ;$c(4º)
=336  \\$atext$2rdacontent
=337  \\$acomputer$2rdamedia
=338  \\$aonline$2rdacarrier
=340  \\$m4to$2rdabf
=362  0\$aVol. 1, no. 1 (Thursday, February 22, 1917)-
=500  \\$aJournal of the 11th Canadian Infantry Brigade.
=540  \\$aCurrent copyright fee: GBP12.00$c0$5Uk
=610  10$aCanada.$bCanadian Army.$bCanadian Infantry Brigade, 11th$vPeriodicals.
=650  \0$aSoldiers' writings, Canadian$vPeriodicals.
=650  \0$aWorld War, 1914-1918$vHumor$vPeriodicals.
=650  \0$aWorld War, 1914-1918$vPeriodicals.
=650  \0$aWorld War, 1914-1918$xPropaganda.
=655  \4$aTrench journal
=710  1\$aCanada.$bCanadian Army.$bCanadian Infantry Brigade, 11th.
=859  \\$aXLD$bWW1
=852  4\$cDRT$jDigital Store P.P.4039.wbm.(11.)$aBritish Library$bHMNTS$3Vol. 1, no. 1 (Thur. Feb. 22, 1917) only
=945  \\$aSHELL HOLE ADVANCE.
=979  \\$aBritish Library$bDSC$j8256.322500N
=985  \\$a650 0{dollar}aWorld War, 1914-1918{dollar}xPropaganda - Europeana Project LCSH. Propoganda is a point of view not allowed in LCsH.
=985  \\$aCorrected by MS generated file for WR# 12.037
=985  \\$aEnhanced by MS generated file for WR# 13/021
=985  \\$aEnhanced by MS generated file for WR# 13/054
=985  \\$aRecord merged by DQ team
=985  \\$aCorrected by MS generated file for WR# 1805-0738
=CAT  \\$aBATCH-DCW$b00$c20131218$lBLL01$h1809
=CAT  \\$aWR14.046$c20140417$lBLL01$h1726
=CAT  \\$aWR13.144/5$c20140418$lBLL01$h1049
=CAT  \\$aBATCH-RIGH$c20170607$lBLL01$h1816
=CAT  \\$aR1706-1834$c20170629$lBLL01$h1227
=CAT  \\$a1805-0738$c20181228$lBLL01$h1836
=CAT  \\$a1805-0738$b00$c20181228$lBLL01$h1920
=FIN  \\$aY$d20131218
=LKR  \\$aPAR$lBLL01$r776$b000589012$mShell hole advance.$nShell hole advance.
=DGM  \\$a000589012$bCatBridge variable field
=DRT  \\$aWW1
=SRC  \\$aWW1$bEuropeana_Collections_1914-1918_20131217_1
=OHC  \\$a1
=LAS  \\$a1805-0738$b00$c20181228$lBLL01$h1920

