=LDR  02697 as a22006613  4500
=001  016586664
=003  Uk
=005  20131218180947.0
=007  cr\mn\024mpada
=008  880209d191519uube\mr\p\s\\\\\00\\a0eng\\
=FMT  \\$a  SE
=019  x\$a0523100086
=040  \\$aUk$cUk$dUk
=245  04$aThe Dead Horse Corner gazette.
=246  3\$aD.H.C. gazette
=260  \\$aFlanders :$b4th Battalion, First Canadian Contingent.
=300  \\$av. :$bill., ports.
=310  \\$aMonthly
=336  \\$atext$2rdacontent
=337  \\$acomputer$2rdamedia
=338  \\$aonline$2rdacarrier
=362  0\$aNo. 1 (Oct. 1915)-
=500  \\$a"Published, when possible, by the 4th Batt. First Canadian Contingent, B.E.F., on active service."
=500  \\$aEdited by R.W. Trowsdale.
=500  \\$aNo. 1-2: "A monthly journal of breezy comment."
=500  \\$aNo. 3- : "A trench journal of breezy comment."
=500  \\$aNo. 3- :"Official journal of the First Canadian Infantry Brigade."
=500  \\$aTitle from caption.
=515  \\$aNo. 1 also designated: Souvenir number.
=515  \\$aNo. 2 also designated: Christmas number.
=610  10$aCanada.$bCanadian Army.$bCanadian Infantry Brigade, 1st$vPeriodicals.
=650  \0$aRegimental histories.
=650  \0$aSoldiers' writings, Canadian$vPeriodicals.
=650  \0$aWorld War, 1914-1918$vPoetry$vPeriodicals.
=650  \0$aWorld War, 1914-1918$xTrench warfare.
=650  \0$aWorld War, 1914-1918$zWestern Front$vPeriodicals.
=655  \4$aTrench journal
=700  1\$aTrowsdale, R. W.
=710  1\$aCanada.$bCanadian Army.$bBattalion, 4th.
=859  \\$aXLD$bWW1
=852  4\$cDRT$jDigital Store P.P.4039.wbm.(1.)$aBritish Library$bHMNTS$3No. 1 (Oct. 1915)-no. 3 (June 1916)
=985  \\$a650 0{dollar}aWorld War, 1914-1918{dollar}xTrench warfare -- 650 {dollar}aRegimental histories -- Europeana Project LCSH.
=985  \\$aCorrected by MS generated file for WR# 12.037
=985  \\$aEnhanced by MS generated file for WR# 12/139
=CAT  \\$aBATCH-DCW$b00$c20131218$lBLL01$h1809
=CAT  \\$aBATCH-DCW$b00$c20131218$lBLL01$h1819
=CAT  \\$aBATCH-DCW$b00$c20140120$lBLL01$h0058
=CAT  \\$aWR14.046$c20140417$lBLL01$h1726
=CAT  \\$aWR13.144/5$c20140418$lBLL01$h1049
=FIN  \\$aY$d20131218
=LKR  \\$aPAR$lBLL01$r776$b000589025$mThe Dead Horse Corner gazette.$nThe Dead Horse Corner gazette.
=DGM  \\$a000589025$bCatBridge variable field
=DRT  \\$aWW1
=SRC  \\$aWW1$bEuropeana_Collections_1914-1918_20131217_1
=SRC  \\$aWW1$bEuropeana_Collections_1914-1918_20131217_10
=SRC  \\$aWW1$bEuropeana_Collections_1914-1918_20131219
=OHC  \\$a1
=LAS  \\$aWR13.144/5$b00$c20140418$lBLL01$h1049

