=LDR  03134 as a2200781 a 4500
=001  016586665
=003  Uk
=005  20131218180947.0
=007  cr\mn\024mpada
=007  ta
=008  880209d1915191ufr\uu\p\s\\\\\00\\a0eng\\
=FMT  \\$a  SE
=019  c\$a2250930
=019  x\$a0523100108
=040  \\$aUk$cUk$dUk
=245  04$aThe listening post.
=260  \\$aFrance :$b7th Canadian Infantry Battalion,$c1915-
=300  \\$av. :$bill.
=310  \\$aIrregular
=336  \\$atext$2rdacontent
=337  \\$acomputer$2rdamedia
=338  \\$aonline$2rdacarrier
=362  0\$aNo. 1 (Aug. 10, 1915)-
=500  \\$a"C/7"
=500  \\$aJournal of the 7th Canadian Infantry Battalion (1st British Columbia Regiment).
=500  \\$aTitle from caption.
=610  10$aCanada.$bCanadian Army.$bBattalion, 7th$vPeriodicals.
=650  \0$aSoldiers' writings, Canadian$vPeriodicals.
=650  \0$aWorld War, 1914-1918$vHumor$vPeriodicals.
=650  \0$aWorld War, 1914-1918$xTrench warfare.
=650  \0$aWorld War, 1914-1918$zWestern Front$vPeriodicals.
=655  \4$aTrench journal
=710  1\$aCanada.$bCanadian Army.$bBattalion, 7th.
=859  \\$aXLD$bWW1
=852  4\$cDRT$jDigital Store P.P.4039.wag.(6.)$aBritish Library$bHMNTS$3No. 1 (Aug. 1915)-no. 9; no. 11-no. 33 (Mar. 1919)
=945  \\$aLISTENING POST.
=963  \\$aNO. 1, 1915- 8, [19?] *A=1; 12, [19?]- 32, 1918 *A=2$bN$cWRA.488
=979  \\$aBritish Library$bDSC$j5275.810000N
=985  \\$a650 0{dollar}aWorld War, 1914-1918{dollar}xTrench warfare -- not really needed.
=985  \\$aCorrected by BSS-generated file for WR# 11/211
=985  \\$aCorrected by MS generated file for WR# 12.037
=985  \\$aEnhanced by MS generated file for WR# 12/139
=CAT  \\$aBATCH-DCW$b00$c20131218$lBLL01$h1809
=CAT  \\$aBATCH-DCW$b00$c20131218$lBLL01$h1819
=CAT  \\$aBATCH-DCW$b00$c20131218$lBLL01$h1826
=CAT  \\$aBATCH-DCW$b00$c20131218$lBLL01$h1832
=CAT  \\$aBATCH-DCW$b00$c20131218$lBLL01$h1839
=CAT  \\$aBATCH-DCW$b00$c20131218$lBLL01$h1846
=CAT  \\$aBATCH-DCW$b00$c20131218$lBLL01$h1852
=CAT  \\$aBATCH-DCW$b00$c20131218$lBLL01$h1859
=CAT  \\$aBATCH-DCW$b00$c20131218$lBLL01$h1906
=CAT  \\$aWR14.046$c20140417$lBLL01$h1726
=CAT  \\$aWR13.144/5$c20140418$lBLL01$h1049
=FIN  \\$aY$d20131218
=LKR  \\$aPAR$lBLL01$r776$b000589027$mThe listening post.$nThe listening post.
=DGM  \\$a000589027$bCatBridge variable field
=DRT  \\$aWW1
=SRC  \\$aWW1$bEuropeana_Collections_1914-1918_20131217_1
=SRC  \\$aWW1$bEuropeana_Collections_1914-1918_20131217_10
=SRC  \\$aWW1$bEuropeana_Collections_1914-1918_20131217_11
=SRC  \\$aWW1$bEuropeana_Collections_1914-1918_20131217_12
=SRC  \\$aWW1$bEuropeana_Collections_1914-1918_20131217_13
=SRC  \\$aWW1$bEuropeana_Collections_1914-1918_20131217_14
=SRC  \\$aWW1$bEuropeana_Collections_1914-1918_20131217_15
=SRC  \\$aWW1$bEuropeana_Collections_1914-1918_20131217_16
=SRC  \\$aWW1$bEuropeana_Collections_1914-1918_20131217_17
=OHC  \\$a1
=LAS  \\$aWR13.144/5$b00$c20140418$lBLL01$h1049

