=LDR  03155 as a2200781 a 4500
=001  016586666
=003  Uk
=005  20131218180947.0
=007  cr\mn\024mpada
=007  ta
=008  880209d1916191ufr\uu\p\s\\\\\00\\a0eng\\
=FMT  \\$a  SE
=019  c\$a2250932
=019  x\$a0523100124
=022  0\$a0830-3061
=040  \\$aUk$cUk$dUk
=222  \0$aBrazier
=245  04$aThe brazier.
=260  \\$aFrance :$bPrinted and published at the Front for the Canadian Scottish, 16th Batt., C.E.F.,$c1916-
=300  \\$av. :$bill. ;$c29 cm.
=336  \\$atext$2rdacontent
=337  \\$acomputer$2rdamedia
=338  \\$aonline$2rdacarrier
=500  \\$a"A regimental journal printed at the Front by the 16th Batt., the Canadian Scottish."
=610  10$aCanada.$bCanadian Army.$bBattalion, 16th$vPeriodicals.
=650  \0$aRegimental histories.
=650  \0$aWorld War, 1914-1918$vHumor$vPeriodicals.
=650  \0$aWorld War, 1914-1918$vPersonal narratives, Canadian$vPeriodicals.
=650  \0$aWorld War, 1914-1918$xTrench warfare.
=650  \0$aWorld War, 1914-1918$zWestern Front$vPeriodicals.
=651  \0$aFrance$vPeriodicals.
=655  \4$aTrench journal
=710  1\$aCanada.$bCanadian Army.$bBattalion, 16th.
=859  \\$aXLD$bWW1
=852  4\$cDRT$jDigital Store P.P.4039.wbl.(3.)$aBritish Library$bHMNTS$3No. 1 (15 Feb. 1916)-no. 9 (1 Apr. 1917)
=945  \\$aBRAZIER.
=963  \\$aNO. 1, 1916 *A=1$bN$cWRB.482
=979  \\$aBritish Library$bDSC$j2277.210000N
=985  \\$a650 0{dollar}aWorld War, 1914-1918{dollar}xTrench warfare -- 650 {dollar}aRegimental histories -- Europeana Project LCSH.
=985  \\$aCorrected by MS generated file for WR# 12.037
=985  \\$aEnhanced by MS generated file for WR# 12/139
=985  \\$aRecord merged by DQ team
=CAT  \\$aBATCH-DCW$b00$c20131218$lBLL01$h1809
=CAT  \\$aBATCH-DCW$b00$c20131218$lBLL01$h1819
=CAT  \\$aBATCH-DCW$b00$c20131218$lBLL01$h1826
=CAT  \\$aBATCH-DCW$b00$c20131218$lBLL01$h1832
=CAT  \\$aBATCH-DCW$b00$c20131218$lBLL01$h1839
=CAT  \\$aBATCH-DCW$b00$c20131218$lBLL01$h1846
=CAT  \\$aBATCH-DCW$b00$c20131218$lBLL01$h1852
=CAT  \\$aBATCH-DCW$b00$c20131218$lBLL01$h1859
=CAT  \\$aBATCH-DCW$b00$c20131218$lBLL01$h1906
=CAT  \\$aWR14.046$c20140417$lBLL01$h1726
=CAT  \\$aWR13.144/5$c20140418$lBLL01$h1049
=FIN  \\$aY$d20131218
=LKR  \\$aPAR$lBLL01$r776$b000589029$mBrazier$nBrazier
=DGM  \\$a000589029$bCatBridge variable field
=DRT  \\$aWW1
=SRC  \\$aWW1$bEuropeana_Collections_1914-1918_20131217_1
=SRC  \\$aWW1$bEuropeana_Collections_1914-1918_20131217_10
=SRC  \\$aWW1$bEuropeana_Collections_1914-1918_20131217_11
=SRC  \\$aWW1$bEuropeana_Collections_1914-1918_20131217_12
=SRC  \\$aWW1$bEuropeana_Collections_1914-1918_20131217_13
=SRC  \\$aWW1$bEuropeana_Collections_1914-1918_20131217_14
=SRC  \\$aWW1$bEuropeana_Collections_1914-1918_20131217_15
=SRC  \\$aWW1$bEuropeana_Collections_1914-1918_20131217_16
=SRC  \\$aWW1$bEuropeana_Collections_1914-1918_20131217_17
=OHC  \\$a1
=LAS  \\$aWR13.144/5$b00$c20140418$lBLL01$h1049

