=LDR  02270 as a2200553 a 4500
=001  016586667
=003  Uk
=005  20131218180947.0
=007  cr\mn\024mpada
=007  ta
=008  880209d191619uuenkuu\p\s\\\\o00\\a0eng\\
=FMT  \\$a  SE
=019  x\$a0523100183
=040  \\$aUk$cUk
=245  04$aThe Vics patrol :$bthe active service journal of the Victoria Rifles of Canada.
=250  \\$aTrench edition
=260  \\$aLondon :$bPrinted by W. Clowes,$c1916-
=300  \\$av. ;$c30 cm.
=336  \\$atext$2rdacontent
=337  \\$acomputer$2rdamedia
=338  \\$aonline$2rdacarrier
=362  0\$aVol. 1, no. 1 (June 3 1916)-
=610  10$aCanada.$bCanadian Army.$bVictoria Rifles$vPeriodicals.
=650  \0$aRegimental histories.
=650  \0$aSoldiers' writings, Canadian$vPeriodicals.
=650  \0$aWorld War, 1914-1918$vHumor$vPeriodicals.
=650  \0$aWorld War, 1914-1918$xTrench warfare.
=655  \4$aTrench journal
=710  1\$aCanada.$bCanadian Army.$bVictoria Rifles.
=859  \\$aXLD$bWW1
=852  4\$cDRT$jDigital Store P.P.4039.wbt.(3.)$aBritish Library$bHMNTS$3Vol. 1, no. 1 (June 3 1916)-v. 1, no. 3 (Dec. 1916)
=985  \\$a650 0{dollar}aWorld War, 1914-1918{dollar}xTrench warfare -- 650 {dollar}aRegimental histories -- Europeana Project LCSH.
=985  \\$aCorrected by BSS-generated file for WR# 10/107
=985  \\$aCorrected by MS generated file for WR# 12.037
=985  \\$aEnhanced by MS generated file for WR# 12/139
=CAT  \\$aBATCH-DCW$b00$c20131218$lBLL01$h1809
=CAT  \\$aBATCH-DCW$b00$c20131218$lBLL01$h1819
=CAT  \\$aBATCH-DCW$b00$c20131218$lBLL01$h1826
=CAT  \\$aWR14.046$c20140417$lBLL01$h1726
=CAT  \\$aWR13.144/5$c20140418$lBLL01$h1049
=FIN  \\$aY$d20131218
=LKR  \\$aPAR$lBLL01$r776$b000589034$mThe Vics patrol : the active service journal of the Victoria Rifles of Canada.$nThe Vics patrol : the active service journal of the Victoria Rifles of Canada.
=DGM  \\$a000589034$bCatBridge variable field
=DRT  \\$aWW1
=SRC  \\$aWW1$bEuropeana_Collections_1914-1918_20131217_1
=SRC  \\$aWW1$bEuropeana_Collections_1914-1918_20131217_10
=SRC  \\$aWW1$bEuropeana_Collections_1914-1918_20131217_11
=OHC  \\$a1
=LAS  \\$aWR13.144/5$b00$c20140418$lBLL01$h1049

