=LDR  02424 as a2200661 a 4500
=001  016586668
=003  Uk
=005  20131218180947.0
=007  cr\mn\024mpada
=007  ta
=008  880209d191519uufr\uu\p\s\\\\\00\\a0eng\\
=FMT  \\$a  SE
=019  c\$a2251133
=019  x\$a0523100191
=040  \\$aUk$cUk
=245  00$aTrench echo.
=264  \1$aAt the Front :$bCity of Winnipeg Battalion,$c1915-.
=300  \\$av :$billustrations ;$c(4º)
=336  \\$atext$2rdacontent
=337  \\$acomputer$2rdamedia
=338  \\$aonline$2rdacarrier
=340  \\$m4to$2rdabf
=362  0\$aChristmas 1915-
=610  10$aCanada.$bCanadian Army.$bBattalion, 27th$vPeriodicals.
=650  \0$aRegimental histories.
=650  \0$aSoldiers' writings, Canadian$vPeriodicals.
=650  \0$aWorld War, 1914-1918$vHumor$vPeriodicals.
=650  \0$aWorld War, 1914-1918$xTrench warfare.
=650  \0$aWorld War, 1914-1918$zWestern Front$vPeriodicals.
=655  \4$aTrench journal
=710  1\$aCanada.$bCanadian Army.$bBattalion, 27th.
=780  00$tReveillé
=859  \\$aXLD$bWW1
=852  4\$aBritish Library$bHMNTS$cDRT$jDigital Store P.P.4039.wbl.(4.)
=945  \\$aTRENCH ECHO.
=963  \\$aCHRISTMAS 1917 *A=1$bN$cWRB.494
=979  \\$aBritish Library$bDSC$j9048.955000N
=985  \\$a650 0{dollar}aWorld War, 1914-1918{dollar}xTrench warfare -- 650 {dollar}aRegimental histories -- Europeana Project LCSH.
=985  \\$aCorrected by BSS-generated file for WR# 11/211
=985  \\$aCorrected by MS generated file for WR# 12.037
=985  \\$aEnhanced by MS generated file for WR# 13/021
=985  \\$aEnhanced by MS generated file for WR# 13/054
=985  \\$aRecord merged by DQ team
=985  \\$aCorrected by MS generated file for WR# 1805-0738
=CAT  \\$aBATCH-DCW$b00$c20131218$lBLL01$h1809
=CAT  \\$aBATCH-DCW$b00$c20131218$lBLL01$h1819
=CAT  \\$aWR14.046$c20140417$lBLL01$h1726
=CAT  \\$aWR13.144/5$c20140418$lBLL01$h1049
=CAT  \\$a1805-0738$c20181228$lBLL01$h1836
=CAT  \\$a1805-0738$b00$c20181228$lBLL01$h1920
=FIN  \\$aY$d20131218
=LKR  \\$aPAR$lBLL01$r776$b000589035$mTrench echo.$nTrench echo.
=DGM  \\$a000589035$bCatBridge variable field
=DRT  \\$aWW1
=SRC  \\$aWW1$bEuropeana_Collections_1914-1918_20131217_1
=SRC  \\$aWW1$bEuropeana_Collections_1914-1918_20131217_10
=OHC  \\$a1
=LAS  \\$a1805-0738$b00$c20181228$lBLL01$h1920

