=LDR  02194 as a2200541 a 4500
=001  016586669
=003  Uk
=005  20131218180947.0
=007  cr\mn\024mpada
=008  880726u1917uuuufr\uu\p\s\\\\\00\\a0eng\\
=FMT  \\$a  SE
=019  x\$a0964440113
=040  \\$aUk$cUk
=245  00$aSub Rosa :$bbeing the magazine of the West Lancashire Division, B.E.F.
=264  \1$aBoulogne-sur-Mer,$c1917-.
=300  \\$av :$billustrations ;$c(4º)
=336  \\$atext$2rdacontent
=337  \\$acomputer$2rdamedia
=338  \\$aonline$2rdacarrier
=340  \\$m4to$2rdabf
=610  10$aGreat Britain.$bArmy.$bDivision, 55th (West Lancashire)$vPeriodicals.
=650  \0$aSoldiers' writings, English$vPeriodicals.
=650  \0$aWorld War, 1914-1918$vHumor$vPeriodicals.
=650  \0$aWorld War, 1914-1918$xCampaigns$zWestern Front .
=655  \4$aTrench journal
=710  1\$aGreat Britain.$bArmy.$bDivision, 55th (West Lancashire).
=859  \\$aXLD$bWW1
=852  4\$cDRT$jDigital Store P.P.4039.wba.(2.)$aBritish Library$bHMNTS$3June 1917; June 1918
=985  \\$aCorrected by BSS-generated file for WR# 08/145
=985  \\$aCorrected by MS generated file for WR# 11/211
=985  \\$aEnhanced by MS generated file for WR# 12/139
=985  \\$aEnhanced by MS generated file for WR# 13/021
=985  \\$aCorrected by MS generated file for WR# 1805-0738
=CAT  \\$aBATCH-DCW$b00$c20131218$lBLL01$h1809
=CAT  \\$aBATCH-DCW$b00$c20140120$lBLL01$h0221
=CAT  \\$aWR14.046$c20140417$lBLL01$h1726
=CAT  \\$aWR13.144/5$c20140418$lBLL01$h1049
=CAT  \\$aBATCH-UPD$b00$c20150520$lBLL01$h1025
=CAT  \\$a1805-0738$c20181228$lBLL01$h1836
=CAT  \\$a1805-0738$b00$c20181228$lBLL01$h1920
=FIN  \\$aY$d20131218
=LKR  \\$aPAR$lBLL01$r776$b001094795$mSub Rosa : being the magazine of the West Lancashire Division, B.E.F.$nSub Rosa : being the magazine of the West Lancashire Division, B.E.F.
=DGM  \\$a001094795$bCatBridge variable field
=DRT  \\$aWW1
=SRC  \\$aWW1$bEuropeana_Collections_1914-1918_20131217_1
=SRC  \\$aWW1$bEuropeana_Collections_1914-1918_20140113
=OHC  \\$a1
=LAS  \\$a1805-0738$b00$c20181228$lBLL01$h1920

