=LDR  02082 as a2200541 a 4500
=001  016586670
=003  Uk
=005  20131218180947.0
=007  cr\mn\024mpada
=007  ta
=008  960104d191819uuenkuu\p\s\\\\o00\\a0eng\\
=FMT  \\$a  SE
=019  x\$a0964840219
=040  \\$aUk$cUk$dUk
=245  00$aEye-Wash :$bthe magazine of the Royal Engineers, Portbury.
=264  \1$aPortbury :$bRoyal Engineers,$c1918-.
=300  \\$av ;$c(4º)
=336  \\$atext$2rdacontent
=337  \\$acomputer$2rdamedia
=338  \\$aonline$2rdacarrier
=340  \\$m4to$2rdabf
=650  \0$aWorld War, 1914-1918$xPropaganda.
=655  \4$aTrench journal
=710  1\$aGreat Britain.$bArmy.$bRoyal Engineers.
=859  \\$aXLD$bWW1
=852  4\$cDRT$jDigital Store P.P.4039.wbi.(1.)$aBritish Library$bHMNTS
=985  \\$aCorrected by BSS-generated file for WR# 11/211
=985  \\$aCorrected by MS generated file for WR# 12.037
=985  \\$aEnhanced by MS generated file for WR# 13/021
=985  \\$aEnhanced by MS generated file for WR# 13/054
=985  \\$aHeadings: World War, 1914-1918 Propaganda; and Trench journal added globally for the Europeana Project.
=985  \\$aCorrected by MS generated file for WR# 1805-0738
=CAT  \\$aBATCH-DCW$b00$c20131218$lBLL01$h1809
=CAT  \\$aBATCH-DCW$b00$c20140120$lBLL01$h0058
=CAT  \\$aWR14.046$c20140417$lBLL01$h1726
=CAT  \\$aWR13.144/5$c20140418$lBLL01$h1049
=CAT  \\$aBATCH-RIGH$c20170607$lBLL01$h1816
=CAT  \\$aR1706-1834$c20170629$lBLL01$h1227
=CAT  \\$a1805-0738$c20181228$lBLL01$h1836
=CAT  \\$a1805-0738$b00$c20181228$lBLL01$h1920
=FIN  \\$aY$d20131218
=LKR  \\$aPAR$lBLL01$r776$b001096094$mEye-Wash : the magazine of the Royal Engineers, Portbury.$nEye-Wash : the magazine of the Royal Engineers, Portbury.
=DGM  \\$a001096094$bCatBridge variable field
=DRT  \\$aWW1
=SRC  \\$aWW1$bEuropeana_Collections_1914-1918_20131217_1
=SRC  \\$aWW1$bEuropeana_Collections_1914-1918_20131219
=OHC  \\$a1
=LAS  \\$a1805-0738$b00$c20181228$lBLL01$h1920

