=LDR  02389 as a2200589 a 4500
=001  016586671
=003  Uk
=005  20131218180947.0
=007  cr\mn\024mpada
=007  ta
=008  960104d191u19uuxx\uu\p\s\\\\o00\\a0eng\\
=FMT  \\$a  SE
=019  x\$a096485001X
=040  \\$aUk$cUk$dUk
=245  00$aStray shots.
=264  \1$a[On Active Service] :$bPublished by No3 Section RE Signal Co Attached 144 Brigade 48 Division (Infantry).
=300  \\$av ;$c(4º)
=336  \\$atext$2rdacontent
=337  \\$acomputer$2rdamedia
=338  \\$aonline$2rdacarrier
=340  \\$m4to$2rdabf
=610  10$aGreat Britain.$bArmy.$bRoyal Engineers.$bSignal Company.$bSection, 3rd$vPeriodicals.
=650  \0$aSoldiers' writings, English$vPeriodicals.
=650  \0$aWorld War, 1914-1918$vHumor$vPeriodicals.
=650  \0$aWorld War, 1914-1918$xCampaigns$zWestern Front
=655  \4$aTrench journal
=710  1\$aGreat Britain.$bArmy.$bRoyal Engineers.$bSignal Company.$bSection, 3rd.
=859  \\$aXLD$bWW1
=852  4\$cDRT$jDigital Store P.P.4039.wbf.(7.)$aBritish Library$bHMNTS$35th issue (Feb. 1916)-
=985  \\$aCorrected by MS generated file for WR# 11/211
=985  \\$aEnhanced by MS generated file for WR# 13/021
=985  \\$aEnhanced by MS generated file for WR# 13/054
=985  \\$aHeadings: World War, 1914-1918 Campaigns Western Front; and Trench journal added globally for the Europeana Project
=985  \\$aCorrected by MS generated file for WR# 1805-0738
=CAT  \\$aBATCH-DCW$b00$c20131218$lBLL01$h1809
=CAT  \\$aBATCH-DCW$b00$c20131218$lBLL01$h1819
=CAT  \\$aBATCH-DCW$b00$c20131218$lBLL01$h1826
=CAT  \\$aBATCH-DCW$b00$c20131218$lBLL01$h1832
=CAT  \\$aWR14.046$c20140417$lBLL01$h1726
=CAT  \\$aWR13.144/5$c20140418$lBLL01$h1049
=CAT  \\$a1805-0738$c20181228$lBLL01$h1836
=CAT  \\$a1805-0738$b00$c20181228$lBLL01$h1920
=FIN  \\$aY$d20131218
=LKR  \\$aPAR$lBLL01$r776$b001096099$mStray shots.$nStray shots.
=DGM  \\$a001096099$bCatBridge variable field
=DRT  \\$aWW1
=SRC  \\$aWW1$bEuropeana_Collections_1914-1918_20131217_1
=SRC  \\$aWW1$bEuropeana_Collections_1914-1918_20131217_10
=SRC  \\$aWW1$bEuropeana_Collections_1914-1918_20131217_11
=SRC  \\$aWW1$bEuropeana_Collections_1914-1918_20131217_12
=OHC  \\$a1
=LAS  \\$a1805-0738$b00$c20181228$lBLL01$h1920

