=LDR  01546 as a22004453  4500
=001  016586672
=003  Uk
=005  20131218180947.0
=007  cr\mn\024mpada
=008  880718u1914||||enk|||p|s|\\\o||\\||eng\\
=FMT  \\$a  SE
=019  x\$a0970060106
=040  \\$aUk$cUk
=110  1\$aGreat Britain.$bArmy.$bInfantry.$bRegiments.$bDuke of Cornwall's Light Infantry.$b9th Battalion.
=245  14$aThe 9th D.C.L.I. annual.
=264  \1$aFalmouth,$c1914-.
=300  \\$av ;$c(4º)
=336  \\$atext$2rdacontent
=337  \\$acomputer$2rdamedia
=338  \\$aonline$2rdacarrier
=340  \\$m4to$2rdabf
=650  \0$aRegimental histories
=655  \4$aTrench journal
=859  \\$aXLD$bWW1
=852  4\$cDRT$jDigital Store P.P.4039.wbo.(6.)$aBritish Library$bHMNTS$3Christmas 1914
=985  \\$aCorrected by BSS-generated file for WR# 08/145
=985  \\$aEnhanced by MS generated file for WR# 12/139
=985  \\$aCorrected by MS generated file for WR# 1805-0738
=CAT  \\$aBATCH-DCW$b00$c20131218$lBLL01$h1809
=CAT  \\$aWR14.046$c20140417$lBLL01$h1726
=CAT  \\$aWR13.144/5$c20140418$lBLL01$h1049
=CAT  \\$a1805-0738$c20181228$lBLL01$h1836
=CAT  \\$a1805-0738$b00$c20181228$lBLL01$h1920
=FIN  \\$aY$d20131218
=LKR  \\$aPAR$lBLL01$r776$b001096473$mThe 9th D.C.L.I. annual.$nThe 9th D.C.L.I. annual.
=DGM  \\$a001096473$bCatBridge variable field
=DRT  \\$aWW1
=SRC  \\$aWW1$bEuropeana_Collections_1914-1918_20131217_1
=OHC  \\$a1
=LAS  \\$a1805-0738$b00$c20181228$lBLL01$h1920

