=LDR  04612 as a2201033 a 4500
=001  016586674
=003  Uk
=005  20211004110203.0
=007  cr\mn\024mpada
=007  ta
=008  880718d191519uuenkuu\p\s\\\\o00\\a0eng\\
=FMT  \\$a  SE
=019  x\$a0970190301
=040  \\$aUk$cUk$dUk
=245  04$aThe Grey Brigade,$fno. 1, March 12th 1915 - no. 2, March 19th 1915.
=246  14$aGrey Brigade a camp journal of the Great War 1914-16
=246  16$aGrey brigade and others,$fno. 3, March 26th 1915 - no. 20, Aug. 7th 1915
=246  16$aGrey Brigade and Richmond Camp News,$fno. 25 Sept. 18th 1915 - no. 32 December 11th 1915
=264  \1$aDorking,$c1915-.
=300  \\$av ;$c(folio)
=336  \\$atext$2rdacontent
=337  \\$acomputer$2rdamedia
=338  \\$aonline$2rdacarrier
=340  \\$mfolio$2rdabf
=362  0\$aNo. 1 (Mar. 1915)-
=500  \\$aCaption title illustration contains text: London Scottish. Civil Service. Kensingtons. Queen's Westminsters.
=650  \0$aWorld War, 1914-1918$xPropaganda.
=655  \4$aTrench journal
=710  1\$aGreat Britain.$bArmy.$bLondon Regiment.
=859  \\$aXLD$bWW1
=852  4\$aBritish Library$bHMNTS$cDRT$jDigital Store P.P.4039.wg.(7.)$3No. 1 (Mar. 1915)-no. 20 (Aug. 7th 1915)
=985  \\$a650 0{dollar}aWorld War, 1914-1918{dollar}xPropaganda - Europeana Project LCSH. Propoganda is a point of view not allowed in LCsH.
=985  \\$aCorrected by BSS-generated file for WR# 08/145
=985  \\$aCorrected by BSS-generated file for WR# 11/124
=985  \\$aCorrected by MS generated file for WR# 12.037
=985  \\$aEnhanced by MS generated file for WR# 12/139
=985  \\$aCorrected by MS generated file for WR# 1805-0738
=CAT  \\$aBATCH-DCW$b00$c20131218$lBLL01$h1809
=CAT  \\$aBATCH-DCW$b00$c20131218$lBLL01$h1819
=CAT  \\$aBATCH-DCW$b00$c20131218$lBLL01$h1826
=CAT  \\$aBATCH-DCW$b00$c20131218$lBLL01$h1832
=CAT  \\$aBATCH-DCW$b00$c20131218$lBLL01$h1839
=CAT  \\$aBATCH-DCW$b00$c20131218$lBLL01$h1846
=CAT  \\$aBATCH-DCW$b00$c20131218$lBLL01$h1852
=CAT  \\$aBATCH-DCW$b00$c20131218$lBLL01$h1859
=CAT  \\$aBATCH-DCW$b00$c20131218$lBLL01$h1906
=CAT  \\$aBATCH-DCW$b00$c20131218$lBLL01$h1913
=CAT  \\$aBATCH-DCW$b00$c20131218$lBLL01$h1920
=CAT  \\$aBATCH-DCW$b00$c20131218$lBLL01$h1927
=CAT  \\$aBATCH-DCW$b00$c20131218$lBLL01$h1934
=CAT  \\$aBATCH-DCW$b00$c20131218$lBLL01$h2002
=CAT  \\$aBATCH-DCW$b00$c20131218$lBLL01$h2009
=CAT  \\$aBATCH-DCW$b00$c20131218$lBLL01$h2016
=CAT  \\$aBATCH-DCW$b00$c20131218$lBLL01$h2023
=CAT  \\$aBATCH-DCW$b00$c20131218$lBLL01$h2030
=CAT  \\$aBATCH-DCW$b00$c20131218$lBLL01$h2038
=CAT  \\$aBATCH-DCW$b00$c20131218$lBLL01$h2045
=CAT  \\$aWR14.046$c20140417$lBLL01$h1726
=CAT  \\$aWR13.144/5$c20140418$lBLL01$h1049
=CAT  \\$a1805-0738$c20181228$lBLL01$h1836
=CAT  \\$a1805-0738$b00$c20181228$lBLL01$h1920
=CAT  \\$a8250$b40$c20211004$lBLL01$h1100
=CAT  \\$a8250$b40$c20211004$lBLL01$h1102
=FIN  \\$aY$d20131218
=LKR  \\$aPAR$lBLL01$r776$b001096805$mThe Grey Brigade and others.$nThe Grey Brigade and others.
=DGM  \\$a001096805$bCatBridge variable field
=DRT  \\$aWW1
=SRC  \\$aWW1$bEuropeana_Collections_1914-1918_20131217_1
=SRC  \\$aWW1$bEuropeana_Collections_1914-1918_20131217_10
=SRC  \\$aWW1$bEuropeana_Collections_1914-1918_20131217_11
=SRC  \\$aWW1$bEuropeana_Collections_1914-1918_20131217_12
=SRC  \\$aWW1$bEuropeana_Collections_1914-1918_20131217_13
=SRC  \\$aWW1$bEuropeana_Collections_1914-1918_20131217_14
=SRC  \\$aWW1$bEuropeana_Collections_1914-1918_20131217_15
=SRC  \\$aWW1$bEuropeana_Collections_1914-1918_20131217_16
=SRC  \\$aWW1$bEuropeana_Collections_1914-1918_20131217_17
=SRC  \\$aWW1$bEuropeana_Collections_1914-1918_20131217_18
=SRC  \\$aWW1$bEuropeana_Collections_1914-1918_20131217_19
=SRC  \\$aWW1$bEuropeana_Collections_1914-1918_20131217_2
=SRC  \\$aWW1$bEuropeana_Collections_1914-1918_20131217_20
=SRC  \\$aWW1$bEuropeana_Collections_1914-1918_20131217_3
=SRC  \\$aWW1$bEuropeana_Collections_1914-1918_20131217_4
=SRC  \\$aWW1$bEuropeana_Collections_1914-1918_20131217_5
=SRC  \\$aWW1$bEuropeana_Collections_1914-1918_20131217_6
=SRC  \\$aWW1$bEuropeana_Collections_1914-1918_20131217_7
=SRC  \\$aWW1$bEuropeana_Collections_1914-1918_20131217_8
=SRC  \\$aWW1$bEuropeana_Collections_1914-1918_20131217_9
=OHC  \\$a1
=LAS  \\$a8250$b40$c20211004$lBLL01$h1102

