=LDR  02515 am a2200565ua 4500
=001  016586675
=003  Uk
=005  20200626183315.0
=007  cr\mn\024mpada
=008  880718s1915\\\\enk\\\\\s\\\\o000\0|eng\\
=FMT  \\$a  BK
=019  x\$a0970450060
=040  \\$aUk$cUk
=245  00$aC.B. :$bbeing the Christmas Bulletin of the 2/6th Cyclist Battalion, the Suffolk Regt.
=264  \1$aSkegness,$c1915.
=300  \\$a24 pages ;$c(8º)
=336  \\$atext$2rdacontent
=337  \\$acomputer$2rdamedia
=338  \\$aonline$2rdacarrier
=650  \0$aWorld War, 1914-1918$xPropaganda.
=655  \4$aTrench journal
=710  1\$aGreat Britain.$bArmy.$bInfantry.$bRegiments.$bSuffolk Regiment.$b2/6th Cyclist Battalion.
=859  \\$aXLD$bWW1
=852  4\$cDRT$jDigital Store P.P.4039.wcc.(3.)$aBritish Library$bHMNTS
=852  4\$cDRT$jDigital Store 012352.ff.42.$aBritish Library$bHMNTS$3[Another copy.] C.B.: being the Christmas Bulletin of the 2/6th Cyclist Battalion. etc. Skegness, 1915. 8º.
=985  \\$aCorrected by BSS-generated file for WR# 08/145
=985  \\$aCorrected by BSS-generated file for WR# 11/031
=985  \\$aCorrected by MS generated file for WR# 12.037
=985  \\$aEnhanced by MS generated file for WR# 12/139
=985  \\$aEnhanced by MS generated file for WR# 13/021
=985  \\$aEnhanced by MS generated file for WR# 13/054
=985  \\$aHeadings: World War, 1914-1918 Propaganda; and Trench journal added globally for the Europeana Project.
=985  \\$aCorrected by MS generated file for WR# 1805-0738
=CAT  \\$aBATCH-DCW$b00$c20131218$lBLL01$h1809
=CAT  \\$aBATCH-DCW$b00$c20140120$lBLL01$h1804
=CAT  \\$aWR14.046$c20140417$lBLL01$h1726
=CAT  \\$aWR13.144/5$c20140418$lBLL01$h1049
=CAT  \\$aBATCH-RIGH$c20170607$lBLL01$h1816
=CAT  \\$aR1706-1834$c20170629$lBLL01$h1227
=CAT  \\$a1805-0738$c20181228$lBLL01$h1836
=CAT  \\$a1805-0738$b00$c20181228$lBLL01$h1920
=CAT  \\$aW2001-2376$c20200626$lBLL01$h1833
=FIN  \\$aY$d20131218
=LKR  \\$aPAR$lBLL01$r776$b001097424$mC.B. : being the Christmas Bulletin of the 2/6th Cyclist Battalion, the Suffolk Regt.$nC.B. : being the Christmas Bulletin of the 2/6th Cyclist Battalion, the Suffolk Regt.
=DGM  \\$a001097424$bCatBridge variable field
=DRT  \\$aWW1
=SRC  \\$aWW1$bEuropeana_Collections_1914-1918_20131217_1
=SRC  \\$aWW1$bEuropeana_Collections_1914-1918_20140120
=OHC  \\$a2
=LAS  \\$aW2001-2376$b00$c20200626$lBLL01$h1833

