=LDR  02085 am a2200505 a 4500
=001  016586676
=003  Uk
=005  20131218180948.0
=007  cr\mn\024mpada
=008  011020s1915\\\\enkab\\\s\\\\o000\0\eng\\
=FMT  \\$a  BK
=019  x\$a0970460171
=040  \\$aUk$cUk$dUk
=245  00$aHow the Worcesters saved the day, Gheluvelt, 31 October 1914.
=260  \\$aWorcester :$bWorcestershire County Council,$c1915.
=300  \\$a15 p. :$bill., map ;$c25 cm.
=336  \\$atext$2rdacontent
=337  \\$acomputer$2rdamedia
=338  \\$aonline$2rdacarrier
=500  \\$a"An incident in the great battle of Ypres."
=610  10$aGreat Britain.$bArmy$bWorcestershire Rregiment.
=650  \0$aWorld War, 1914-1918$xPropaganda.
=650  \0$aWorld War, 1914-1918$xRegimental histories$zGreat Britain.
=650  \0$aYpres, 1st Battle of, Ieper, Belgium, 1914.
=655  \4$aTrench journal
=710  1\$aGreat Britain.$bArmy.$bWorcestershire Regiment.
=859  \\$aXLD$bWW1
=852  4\$aBritish Library$bHMNTS$cDRT$jDigital Store 9082.g.8
=985  \\$aCorrected by BSS-generated file for WR# 08/145
=985  \\$aCorrected by BSS-generated file for WR# 11/211
=985  \\$aCorrected by MS generated file for WR# 12.037
=985  \\$aEnhanced by MS generated file for WR# 12/139
=985  \\$aEnhanced by MS generated file for WR# 13/021
=985  \\$aEnhanced by MS generated file for WR# 13/054
=985  \\$aHeadings: World War, 1914-1918, Propaganda, and Trench journal globally added for the Europeana Project.
=CAT  \\$aBATCH-DCW$b00$c20131218$lBLL01$h1809
=CAT  \\$aWR14.046$c20140417$lBLL01$h1726
=CAT  \\$aWR13.144/5$c20140418$lBLL01$h1049
=FIN  \\$aY$d20131218
=LKR  \\$aPAR$lBLL01$r776$b001097448$mHow the Worcesters saved the day, Gheluvelt, 31 October 1914.$nHow the Worcesters saved the day, Gheluvelt, 31 October 1914.
=DGM  \\$a001097448$bCatBridge variable field
=DRT  \\$aWW1
=SRC  \\$aWW1$bEuropeana_Collections_1914-1918_20131217_1
=OHC  \\$a1
=LAS  \\$aWR13.144/5$b00$c20140418$lBLL01$h1049

