=LDR  02590 as a22006493  4500
=001  016586677
=003  Uk
=005  20131218180948.0
=007  cr\mn\024mpada
=007  ta
=008  880718u1917uuuuenkuu\p\s\\\\\00\\a0eng\\
=FMT  \\$a  SE
=019  x\$a0970470177
=040  \\$aUk$cUk
=130  0\$aWhite band (Church Crookham, England)
=245  14$aThe white band.
=264  \1$aCrookham,$c1917-.
=300  \\$c(4º)
=336  \\$atext$2rdacontent
=337  \\$acomputer$2rdamedia
=338  \\$aonline$2rdacarrier
=340  \\$m4to$2rdabf
=362  0\$aVol. 1, no. 1 (Apr. 1917)-
=500  \\$aThe magazine of the Officer Cadet Battalions stationed at Crookham Camp.
=650  \0$aWorld War, 1914-1918$xPropaganda.
=655  \4$aTrench journal
=710  1\$aGreat Britain.$bArmy.$bInfantry.$bOfficer Cadet Battalions.$b20th & 21st Battalions.
=859  \\$aXLD$bWW1
=852  4\$cDRT$jDigital Store P.P.4039.wbk.(8.)$aBritish Library$bHMNTS$3Vol. 1, no. 1 (Apr. 1917)-v. 1, no. 9 (Dec. 1917)
=985  \\$a650 0{dollar}aWorld War, 1914-1918{dollar}xPropaganda - Europeana Project LCSH. Propoganda is a point of view not allowed in LCsH.
=985  \\$aCorrected by BSS-generated file for WR# 08/145
=985  \\$aCorrected by MS generated file for WR# 12.037
=985  \\$aCorrected by MS generated file for WR# 1805-0738
=CAT  \\$aBATCH-DCW$b00$c20131218$lBLL01$h1809
=CAT  \\$aBATCH-DCW$b00$c20131218$lBLL01$h1819
=CAT  \\$aBATCH-DCW$b00$c20131218$lBLL01$h1826
=CAT  \\$aBATCH-DCW$b00$c20131218$lBLL01$h1832
=CAT  \\$aBATCH-DCW$b00$c20131218$lBLL01$h1839
=CAT  \\$aBATCH-DCW$b00$c20131218$lBLL01$h1846
=CAT  \\$aBATCH-DCW$b00$c20140120$lBLL01$h0221
=CAT  \\$aWR14.046$c20140417$lBLL01$h1726
=CAT  \\$aWR13.144/5$c20140418$lBLL01$h1049
=CAT  \\$a1805-0738$c20181228$lBLL01$h1836
=CAT  \\$a1805-0738$b00$c20181228$lBLL01$h1920
=FIN  \\$aY$d20131218
=LKR  \\$aPAR$lBLL01$r776$b001097479$mThe white band.$nThe white band.
=DGM  \\$a001097479$bCatBridge variable field
=DRT  \\$aWW1
=SRC  \\$aWW1$bEuropeana_Collections_1914-1918_20131217_1
=SRC  \\$aWW1$bEuropeana_Collections_1914-1918_20131217_10
=SRC  \\$aWW1$bEuropeana_Collections_1914-1918_20131217_11
=SRC  \\$aWW1$bEuropeana_Collections_1914-1918_20131217_12
=SRC  \\$aWW1$bEuropeana_Collections_1914-1918_20131217_13
=SRC  \\$aWW1$bEuropeana_Collections_1914-1918_20131217_14
=SRC  \\$aWW1$bEuropeana_Collections_1914-1918_20140113
=OHC  \\$a1
=LAS  \\$a1805-0738$b00$c20181228$lBLL01$h1920

