=LDR  02475 as a2200601 a 4500
=001  016586678
=003  Uk
=005  20131218180948.0
=007  cr\mn\024mpada
=007  ta
=008  880718d1917191uenkmr\p\s\\\\o00\\a0eng\\
=FMT  \\$a  SE
=019  x\$a0970500157
=040  \\$aUk$cUk$dUk
=245  04$aThe Fledgling :$bmonthly journal of the No. 2 Royal Flying Corps Cadet Wing.
=260  \\$aHursley Park :$bCadet Wing,$c1917-
=300  \\$av. :$bill. ;$c26 cm.
=310  \\$aMonthly
=336  \\$atext$2rdacontent
=337  \\$acomputer$2rdamedia
=338  \\$aonline$2rdacarrier
=362  0\$aVol. 1, no. 1 (June 1917)-
=500  \\$aTitle from cover.
=610  10$aGreat Britain.$bRoyal Flying Corps.$bCadet Wing, No. 2$vPeriodicals.
=650  \0$aAeronautics, Military$zGreat Britain$vPeriodicals.
=650  \0$aWorld War, 1914-1918$xAerial operations
=651  \0$aGreat Britain$xArmed Forces$vPeriodicals.
=655  \4$aTrench journal
=710  1\$aGreat Britain.$bRoyal Flying Corps.$bCadet Wing, No. 2.
=859  \\$aXLD$bWW1
=852  4\$cDRT$jDigital Store P.P.4039.wes.(2.)$aBritish Library$bHMNTS
=985  \\$aCorrected by MS generated file for WR# 12.037
=985  \\$aHeadings: World War, 1914-1918 Aerial operations; and Trench journal added globally for the Europeana Project.
=CAT  \\$aBATCH-DCW$b00$c20131218$lBLL01$h1809
=CAT  \\$aBATCH-DCW$b00$c20131218$lBLL01$h1819
=CAT  \\$aBATCH-DCW$b00$c20131218$lBLL01$h1826
=CAT  \\$aBATCH-DCW$b00$c20131218$lBLL01$h1832
=CAT  \\$aBATCH-DCW$b00$c20140120$lBLL01$h0221
=CAT  \\$aBATCH-DCW$b00$c20140120$lBLL01$h0234
=CAT  \\$aWR14.046$c20140417$lBLL01$h1726
=CAT  \\$aWR13.144/5$c20140418$lBLL01$h1049
=FIN  \\$aY$d20131218
=LKR  \\$aPAR$lBLL01$r776$b001097548$mThe Fledgling : monthly journal of the No. 2 Royal Flying Corps Cadet Wing.$nThe Fledgling : monthly journal of the No. 2 Royal Flying Corps Cadet Wing.
=DGM  \\$a001097548$bCatBridge variable field
=DRT  \\$aWW1
=SRC  \\$aWW1$bEuropeana_Collections_1914-1918_20131217_1
=SRC  \\$aWW1$bEuropeana_Collections_1914-1918_20131217_10
=SRC  \\$aWW1$bEuropeana_Collections_1914-1918_20131217_11
=SRC  \\$aWW1$bEuropeana_Collections_1914-1918_20131217_12
=SRC  \\$aWW1$bEuropeana_Collections_1914-1918_20140113
=SRC  \\$aWW1$bEuropeana_Collections_1914-1918_20140114
=OHC  \\$a1
=LAS  \\$aWR13.144/5$b00$c20140418$lBLL01$h1049

