=LDR  02376 as a2200589 a 4500
=001  016586679
=003  Uk
=005  20131218180948.0
=007  cr\mn\024mpada
=007  ta
=008  880718d191619uumm\uu\p\s\\\\o00\\a0eng\\
=FMT  \\$a  SE
=019  c\$a2264576
=019  x\$a0970730047
=040  \\$aUk$cUk$dUk
=245  04$aThe Ghain Tuffieha record /$cedited by Colonel G.T.K. Maurice.
=260  \\$aValetta, Malta :$bGhain Tuffieha Hospitals Camp,$c1916-
=300  \\$av. ;$c33 cm.
=336  \\$atext$2rdacontent
=337  \\$acomputer$2rdamedia
=338  \\$aonline$2rdacarrier
=362  0\$aNo. 1 (Jan. 1916)-
=520  \\$aWritten by soldiers of the Ghain Tuffieha Hospitals Camp both staff and convalescents.
=540  \\$aCurrent copyright fee: GBP12.00$c0$5Uk
=610  10$aGreat Britain.$bArmy.$bGhain Tuffieha Hospitals Camp$vPeriodicals.
=650  \0$aSoldiers' writings, English$vPeriodicals.
=650  \0$aWorld War, 1914-1918$vPeriodicals.
=650  \0$aWorld War, 1914-1918$xPropaganda.
=655  \4$aTrench journal
=710  1\$aGreat Britain.$bArmy.$bGhain Tuffieha Hospitals Camp.
=859  \\$aXLD$bWW1
=852  4\$cDRT$jDigital Store P.P.4039.wfc.(4.)$aBritish Library$bHMNTS$3No. 1 (Jan. 1916)-no. 2 (Feb. 1916)
=945  \\$aGHAIN TUFFIEHA RECORD.
=963  \\$aNO. 1, 1916- 2, 1916 *A=1$bN$cWRA.544
=979  \\$aBritish Library$bDSC$j4166.108000N
=985  \\$a650 0{dollar}aWorld War, 1914-1918{dollar}xPropaganda - Europeana Project LCSH. Propoganda is a point of view not allowed in LCsH.
=985  \\$aCorrected by BSS-generated file for WR# 08/145
=985  \\$aCorrected by BSS-generated file for WR# 11/124
=985  \\$aCorrected by MS generated file for WR# 12.037
=985  \\$aEnhanced by MS generated file for WR# 12/139
=CAT  \\$aBATCH-DCW$b00$c20131218$lBLL01$h1809
=CAT  \\$aBATCH-DCW$b00$c20131218$lBLL01$h1819
=CAT  \\$aWR14.046$c20140417$lBLL01$h1726
=CAT  \\$aWR13.144/5$c20140418$lBLL01$h1049
=FIN  \\$aY$d20131218
=LKR  \\$aPAR$lBLL01$r776$b001098269$mThe Ghain Tuffieha record /$nThe Ghain Tuffieha record /
=DGM  \\$a001098269$bCatBridge variable field
=DRT  \\$aWW1
=SRC  \\$aWW1$bEuropeana_Collections_1914-1918_20131217_1
=SRC  \\$aWW1$bEuropeana_Collections_1914-1918_20131217_10
=OHC  \\$a1
=LAS  \\$aWR13.144/5$b00$c20140418$lBLL01$h1049

