=LDR  02692 as a2200661 a 4500
=001  016586680
=003  Uk
=005  20131218180948.0
=007  cr\mn\024mpada
=007  ta
=008  880718d191u19uuenkuu\p\s\\\\o00\\a0eng\\
=FMT  \\$a  SE
=019  x\$a0970730063
=040  \\$aUk$cUk
=245  00$aHuddersfield War Hospital magazine.
=264  \1$aHuddersfield :$bHuddersfield War Hospital.
=300  \\$av :$billustrations ;$c(4º)
=336  \\$atext$2rdacontent
=337  \\$acomputer$2rdamedia
=338  \\$aonline$2rdacarrier
=340  \\$m4to$2rdabf
=500  \\$aHospital based at Royds Hall, Huddersfield, England.
=610  20$aHuddersfield War Hospital$vPeriodicals.
=650  \0$aMilitary hospitals$zGreat Britain$vPeriodicals.
=650  \0$aWorld War, 1914-1918$xHospitals$zEngland$vPeriodicals.
=650  \0$aWorld War, 1914-1918$xPropaganda.
=655  \4$aTrench journal
=710  2\$aHuddersfield War Hospital.
=859  \\$aXLD$bWW1
=852  4\$cDRT$jDigital Store P.P.4039.wbr.(10.)$aBritish Library$bHMNTS$3No. 1 (July 1916)-no. 4 (Oct. 1916)
=985  \\$a650 0{dollar}aWorld War, 1914-1918{dollar}xPropaganda - Europeana Project LCSH. Propoganda is a point of view not allowed in LCsH.
=985  \\$aCorrected by BSS-generated file for WR# 08/145
=985  \\$aCorrected by BSS-generated file for WR# 10/107
=985  \\$aCorrected by MS generated file for WR# 12.037
=985  \\$aEnhanced by MS generated file for WR# 12/139
=985  \\$aEnhanced by MS generated file for WR# 13/021
=985  \\$aEnhanced by MS generated file for WR# 13/054
=985  \\$aCorrected by MS generated file for WR# 1805-0738
=CAT  \\$aBATCH-DCW$b00$c20131218$lBLL01$h1809
=CAT  \\$aBATCH-DCW$b00$c20131218$lBLL01$h1819
=CAT  \\$aBATCH-DCW$b00$c20131218$lBLL01$h1826
=CAT  \\$aBATCH-DCW$b00$c20140120$lBLL01$h0221
=CAT  \\$aWR14.046$c20140417$lBLL01$h1726
=CAT  \\$aWR13.144/5$c20140418$lBLL01$h1049
=CAT  \\$aBATCH-RIGH$c20170607$lBLL01$h1816
=CAT  \\$aR1706-1834$c20170629$lBLL01$h1227
=CAT  \\$a1805-0738$c20181228$lBLL01$h1836
=CAT  \\$a1805-0738$b00$c20181228$lBLL01$h1920
=FIN  \\$aY$d20131218
=LKR  \\$aPAR$lBLL01$r776$b001098271$mHuddersfield War Hospital magazine.$nHuddersfield War Hospital magazine.
=DGM  \\$a001098271$bCatBridge variable field
=DRT  \\$aWW1
=SRC  \\$aWW1$bEuropeana_Collections_1914-1918_20131217_1
=SRC  \\$aWW1$bEuropeana_Collections_1914-1918_20131217_10
=SRC  \\$aWW1$bEuropeana_Collections_1914-1918_20131217_11
=SRC  \\$aWW1$bEuropeana_Collections_1914-1918_20140113
=OHC  \\$a1
=LAS  \\$a1805-0738$b00$c20181228$lBLL01$h1920

