=LDR  02182cas a2200529 a 4500
=001  016586681
=003  Uk
=005  20220810092227.0
=007  cr\mn\024mpada
=007  ta
=008  880718d191519uuenkuu\p\s\\\\o00\\a0eng\\
=FMT  \\$a  SE
=019  x\$a0970730098
=040  \\$aUk$cUk$dUk
=245  04$aThe Stretcher Bearer :$bthe magazine of the 3rd/4th, 3rd/6th and 3rd Mounted Brigade, London Field Ambulances.
=264  \1$aSouth Harrow,$c1915-.
=300  \\$av ;$c(8º)
=336  \\$atext$2rdacontent
=337  \\$acomputer$2rdamedia
=338  \\$aonline$2rdacarrier
=340  \\$m8vo$2rdabf
=362  0\$aVol. 1, no. 1 (Oct. 1915)-
=610  10$aGreat Britain.$bArmy.$bLondon Field Ambulances$vPeriodicals.
=650  \0$aSoldiers' writings, English$vPeriodicals.
=650  \0$aWorld War, 1914-1918$vHumor$vPeriodicals.
=650  \0$aWorld War, 1914-1918$xMedical care$vPeriodicals.
=655  \4$aTrench journal
=710  1\$aGreat Britain.$bArmy.$bLondon Field Ambulances.
=859  \\$aXLD$bWW1
=852  4\$cDRT$jDigital Store P.P.4039.wcc.(5.)$aBritish Library$bHMNTS$3Vol. 1, no. 1 (Oct. 1915)-v. 1, no. 3 (Dec. 1915)
=985  \\$aCorrected by BSS-generated file for WR# 08/145
=985  \\$aCorrected by BSS-generated file for WR# 11/012
=985  \\$aCorrected by MS generated file for WR# 12.037
=985  \\$aCorrected by MS generated file for WR# 1805-0738
=CAT  \\$aBATCH-DCW$b00$c20131218$lBLL01$h1809
=CAT  \\$aWR14.046$c20140417$lBLL01$h1726
=CAT  \\$aWR13.144/5$c20140418$lBLL01$h1049
=CAT  \\$a1805-0738$c20181228$lBLL01$h1836
=CAT  \\$a1805-0738$b00$c20181228$lBLL01$h1920
=CAT  \\$a8871$b40$c20220810$lBLL01$h0922
=FIN  \\$aY$d20131218
=LKR  \\$aPAR$lBLL01$r776$b001098274$mThe Stretcher Bearer : the magazine of the 3rd/4th, 3rd/6th and 3rd Mounted Brigade, London Field Ambulances.$nThe Stretcher Bearer : the magazine of the 3rd/4th, 3rd/6th and 3rd Mounted Brigade, London Field Ambulances.
=DGM  \\$a001098274$bCatBridge variable field
=DRT  \\$aWW1
=SRC  \\$aWW1$bEuropeana_Collections_1914-1918_20131217_1
=OHC  \\$a1
=LAS  \\$a8871$b40$c20220810$lBLL01$h0922

