=LDR  02036 as a22005173  4500
=001  016586682
=003  Uk
=005  20131218180948.0
=007  cr\mn\024mpada
=008  880629d191619uube\uu\p\s\\\\\00\\a0eng\\
=FMT  \\$a  SE
=019  x\$a0983580243
=040  \\$aUk$cUk$dUk
=245  00$aThe Ypres Times and Tombstones Journal.
=264  \1$a[Ypres],$c1916-.
=300  \\$av ;$c(4º)
=336  \\$atext$2rdacontent
=337  \\$acomputer$2rdamedia
=338  \\$aonline$2rdacarrier
=340  \\$m4to$2rdabf
=362  0\$aVol. 1, no. 1 (February 29th 1916)-
=610  10$aGreat Britain.$bRoyal Marines.$bAnti-Aircraft Brigade$vPeriodicals.
=650  \0$aSoldiers' writings, English$vPeriodicals.
=650  \0$aWorld War, 1914-1918$vHumor$vPeriodicals.
=650  \0$aWorld War, 1914-1918$xPropaganda.
=650  \0$aWorld War, 1914-1918$zWestern Front$vPeriodicals.
=655  \4$aTrench journal
=710  1\$aGreat Britain.$bRoyal Marines.$bAnti-Aircraft Brigade.
=859  \\$aXLD$bWW1
=852  4\$cDRT$jDigital Store P.P.4039.wbm.(7.)$aBritish Library$bHMNTS$3Vol. 1, no. 1 (February 29th 1916)-
=985  \\$a650 0{dollar}aWorld War, 1914-1918{dollar}xPropaganda - Europeana Project LCSH. Propoganda is a point of view not allowed in LCsH.
=985  \\$aCorrected by MS generated file for WR# 12.037
=985  \\$aEnhanced by MS generated file for WR# 12/139
=985  \\$aCorrected by MS generated file for WR# 1805-0738
=CAT  \\$aBATCH-DCW$b00$c20131218$lBLL01$h1809
=CAT  \\$aWR14.046$c20140417$lBLL01$h1726
=CAT  \\$aWR13.144/5$c20140418$lBLL01$h1049
=CAT  \\$a1805-0738$c20181228$lBLL01$h1836
=CAT  \\$a1805-0738$b00$c20181228$lBLL01$h1920
=FIN  \\$aY$d20131218
=LKR  \\$aPAR$lBLL01$r776$b001117045$mThe Ypres Times and Tombstones Journal.$nThe Ypres Times and Tombstones Journal.
=DGM  \\$a001117045$bCatBridge variable field
=DRT  \\$aWW1
=SRC  \\$aWW1$bEuropeana_Collections_1914-1918_20131217_1
=OHC  \\$a1
=LAS  \\$a1805-0738$b00$c20181228$lBLL01$h1920

