=LDR  02350 as a2200601 a 4500
=001  016586683
=003  Uk
=005  20131218180948.0
=007  cr\mn\024mpada
=007  ta
=008  880629d191u19uune\uu\p\s\\\\o00\\a0eng\\
=FMT  \\$a  SE
=019  x\$a0983590192
=040  \\$aUk$cUk$dUk
=245  04$aThe camp news.
=264  \1$aGroningen :$b[s.n.]
=300  \\$av ;$c(4º)
=336  \\$atext$2rdacontent
=337  \\$acomputer$2rdamedia
=338  \\$aonline$2rdacarrier
=340  \\$m4to$2rdabf
=500  \\$aThe daily newspaper of the 1st Royal Naval Brigade, interned at Groningen.
=500  \\$aTypewritten.
=610  10$aGreat Britain.$bRoyal Navy.$bBrigade, 1st$vPeriodicals.
=650  \0$aPrisoners of war$zNetherlands.
=650  \0$aWorld War, 1914-1918$vPeriodicals.
=650  \0$aWorld War, 1914-1918$xPrisoners and prisons, Dutch.
=650  \0$aWorld War, 1914-1918$xPropaganda.
=655  \4$aTrench journal
=710  1\$aGreat Britain.$bRoyal Navy.$bBrigade, 1st.
=859  \\$aXLD$bWW1
=852  4\$cDRT$jDigital Store P.P.4039.wbr.(6.)$aBritish Library$bHMNTS$3No. 71, 72, 109. 5, 7 June, 17 July, 1915.***no. 71 is imperfect, wanting p. 1.
=985  \\$a650 0{dollar}aWorld War, 1914-1918{dollar}xPropaganda - Europeana Project LCSH. Propoganda is a point of view not allowed in LCsH.
=985  \\$aCorrected by BSS-generated file for WR# 10/107
=985  \\$aCorrected by MS generated file for WR# 12.037
=985  \\$aEnhanced by MS generated file for WR# 12/139
=985  \\$aCorrected by MS generated file for WR# 1805-0738
=CAT  \\$aBATCH-DCW$b00$c20131218$lBLL01$h1809
=CAT  \\$aBATCH-DCW$b00$c20131218$lBLL01$h1819
=CAT  \\$aBATCH-DCW$b00$c20131218$lBLL01$h1826
=CAT  \\$aWR14.046$c20140417$lBLL01$h1726
=CAT  \\$aWR13.144/5$c20140418$lBLL01$h1049
=CAT  \\$a1805-0738$c20181228$lBLL01$h1836
=CAT  \\$a1805-0738$b00$c20181228$lBLL01$h1920
=FIN  \\$aY$d20131218
=LKR  \\$aPAR$lBLL01$r776$b001117069$mThe camp news.$nThe camp news.
=DGM  \\$a001117069$bCatBridge variable field
=DRT  \\$aWW1
=SRC  \\$aWW1$bEuropeana_Collections_1914-1918_20131217_1
=SRC  \\$aWW1$bEuropeana_Collections_1914-1918_20131217_10
=SRC  \\$aWW1$bEuropeana_Collections_1914-1918_20131217_11
=OHC  \\$a1
=LAS  \\$a1805-0738$b00$c20181228$lBLL01$h1920

