=LDR  02096 am a22005173  4500
=001  016586684
=003  Uk
=005  20200626183315.0
=007  cr\mn\024mpada
=008  880720|1917|||||||\\\\|s\\\\||||\||rus\\
=FMT  \\$a  BK
=019  x\$a1034000101
=040  \\$aUk$cUk
=245  00$a[A Collection of posters and leaflets on the European War, issued for circulation in Russia.] Russ.
=264  \1$c[1917-1919]
=300  \\$a12 parts ;$c(8º, 4º & folio)
=336  \\$atext$2rdacontent
=337  \\$acomputer$2rdamedia
=338  \\$aonline$2rdacarrier
=508  \\$aIssued by the Allied forces.
=585  \\$aCopy at Digital Store Cup.645.c.12. Exhibited: "Russian Revolution" (online), 29 August 2017-.$5Uk
=650  \0$aWorld War, 1914-1918$vPosters
=650  \0$aWorld War, 1914-1918$xPropaganda
=655  \4$aPamphlet
=720  \\$aEUROPEAN WAR, 1914-1919$emain entry
=859  \\$aXLD$bWW1
=852  4\$cDRT$jDigital Store Cup.645.c.12.$aBritish Library$bHMNTS
=985  \\$aCorrected by BSS-generated file
=985  \\$aCorrected by MS generated file for WR# 12.037
=985  \\$aEnhanced by MS generated file for WR# 13/021
=985  \\$aEnhanced by MS generated file for WR# 13/054
=985  \\$aCorrected by MS generated file for WR# 1805-0738
=CAT  \\$aBATCH-DCW$b00$c20131218$lBLL01$h1809
=CAT  \\$aWR14.046$c20140417$lBLL01$h1726
=CAT  \\$aWR13.144/5$c20140418$lBLL01$h1049
=CAT  \\$a1805-0738$c20181228$lBLL01$h1836
=CAT  \\$a1805-0738$b00$c20181228$lBLL01$h1920
=CAT  \\$a8250$b40$c20190523$lBLL01$h0843
=CAT  \\$aW2001-2376$c20200626$lBLL01$h1833
=FIN  \\$aY$d20131218
=LKR  \\$aPAR$lBLL01$r776$b001174630$m[A Collection of posters and leaflets on the European War, issued for circulation in Russia.] Russ.$n[A Collection of posters and leaflets on the European War, issued for circulation in Russia.] Russ.
=DGM  \\$a001174630$bCatBridge variable field
=DRT  \\$aWW1
=SRC  \\$aWW1$bEuropeana_Collections_1914-1918_20131217_1
=OHC  \\$a1
=LAS  \\$aW2001-2376$b00$c20200626$lBLL01$h1833

