=LDR  04676 as a2200985 a 4500
=001  016586685
=003  Uk
=005  20131218180948.0
=007  cr\mn\024mpada
=008  880720d19151917au\sr\p\s\\\\\00\\b0ger\\
=FMT  \\$a  SE
=019  x\$a1034050249
=040  \\$aUk$cUk$dUk
=041  0\$ager$amul
=245  00$aUnsere Krieger :$bBilder aus grosser Zeit = a nagy idők képei = la guerre illustrée = pictures of the war = chipuri şi icoane din rǎsboiu = slike iz svjekskog rata.
=260  \\$aWien :$bL.W. Seidel & Sohn,$c1915-1917.
=300  \\$av. :$bchiefly ill., ports. ;$c31 cm.
=310  \\$aSemimonthly
=336  \\$atext$2rdacontent
=337  \\$acomputer$2rdamedia
=338  \\$aonline$2rdacarrier
=362  0\$aHeft 1 (Juni 1915)-Heft 52 (17. Aug. 1917)
=546  \\$aText in German, Hungarian, French, English, Romanian and Serbian.
=650  \0$aWorld War, 1914-1918$vPeriodicals.
=650  \0$aWorld War, 1914-1918$vPictorial works.
=650  \0$aWorld War, 1914-1918$zAustria.
=859  \\$aXLD$bWW1
=852  4\$cDRT$jDigital Store 9085.g.5$aBritish Library$bHMNTS$3Heft 1 (Juni 1915)-Heft 52 (17. Aug. 1917)
=985  \\$aCorrected by MS generated file for WR# 12.037
=CAT  \\$aBATCH-DCW$b00$c20131218$lBLL01$h1809
=CAT  \\$aBATCH-DCW$b00$c20131218$lBLL01$h1819
=CAT  \\$aBATCH-DCW$b00$c20131218$lBLL01$h1826
=CAT  \\$aBATCH-DCW$b00$c20131218$lBLL01$h1832
=CAT  \\$aBATCH-DCW$b00$c20131218$lBLL01$h1839
=CAT  \\$aBATCH-DCW$b00$c20131218$lBLL01$h1846
=CAT  \\$aBATCH-DCW$b00$c20131218$lBLL01$h1852
=CAT  \\$aBATCH-DCW$b00$c20131218$lBLL01$h1859
=CAT  \\$aBATCH-DCW$b00$c20131218$lBLL01$h1906
=CAT  \\$aBATCH-DCW$b00$c20131218$lBLL01$h1913
=CAT  \\$aBATCH-DCW$b00$c20131218$lBLL01$h1920
=CAT  \\$aBATCH-DCW$b00$c20131218$lBLL01$h1927
=CAT  \\$aBATCH-DCW$b00$c20131218$lBLL01$h1934
=CAT  \\$aBATCH-DCW$b00$c20131218$lBLL01$h1941
=CAT  \\$aBATCH-DCW$b00$c20131218$lBLL01$h1948
=CAT  \\$aBATCH-DCW$b00$c20131218$lBLL01$h2002
=CAT  \\$aBATCH-DCW$b00$c20131218$lBLL01$h2009
=CAT  \\$aBATCH-DCW$b00$c20131218$lBLL01$h2016
=CAT  \\$aBATCH-DCW$b00$c20131218$lBLL01$h2023
=CAT  \\$aBATCH-DCW$b00$c20131218$lBLL01$h2030
=CAT  \\$aBATCH-DCW$b00$c20131218$lBLL01$h2038
=CAT  \\$aBATCH-DCW$b00$c20131218$lBLL01$h2045
=CAT  \\$aBATCH-DCW$b00$c20140120$lBLL01$h0221
=CAT  \\$aBATCH-DCW$b00$c20140120$lBLL01$h0234
=CAT  \\$aWR14.046$c20140417$lBLL01$h1726
=CAT  \\$aWR13.144/5$c20140418$lBLL01$h1049
=FIN  \\$aY$d20131218
=LKR  \\$aPAR$lBLL01$r776$b001174771$mUnsere Krieger : Bilder aus grosser Zeit = a nagy idők képei = la guerre illustrée = pictures of the war = chipuri şi icoane din rǎsboiu = slike iz svjekskog rata.$nUnsere Krieger : Bilder aus grosser Zeit = a nagy idők képei = la guerre illustrée = pictures of the war = chipuri şi icoane din rǎsboiu = slike iz svjekskog rata.
=DGM  \\$a001174771$bCatBridge variable field
=DRT  \\$aWW1
=SRC  \\$aWW1$bEuropeana_Collections_1914-1918_20131217_1
=SRC  \\$aWW1$bEuropeana_Collections_1914-1918_20131217_10
=SRC  \\$aWW1$bEuropeana_Collections_1914-1918_20131217_11
=SRC  \\$aWW1$bEuropeana_Collections_1914-1918_20131217_12
=SRC  \\$aWW1$bEuropeana_Collections_1914-1918_20131217_13
=SRC  \\$aWW1$bEuropeana_Collections_1914-1918_20131217_14
=SRC  \\$aWW1$bEuropeana_Collections_1914-1918_20131217_15
=SRC  \\$aWW1$bEuropeana_Collections_1914-1918_20131217_16
=SRC  \\$aWW1$bEuropeana_Collections_1914-1918_20131217_17
=SRC  \\$aWW1$bEuropeana_Collections_1914-1918_20131217_18
=SRC  \\$aWW1$bEuropeana_Collections_1914-1918_20131217_19
=SRC  \\$aWW1$bEuropeana_Collections_1914-1918_20131217_2
=SRC  \\$aWW1$bEuropeana_Collections_1914-1918_20131217_20
=SRC  \\$aWW1$bEuropeana_Collections_1914-1918_20131217_21
=SRC  \\$aWW1$bEuropeana_Collections_1914-1918_20131217_22
=SRC  \\$aWW1$bEuropeana_Collections_1914-1918_20131217_3
=SRC  \\$aWW1$bEuropeana_Collections_1914-1918_20131217_4
=SRC  \\$aWW1$bEuropeana_Collections_1914-1918_20131217_5
=SRC  \\$aWW1$bEuropeana_Collections_1914-1918_20131217_6
=SRC  \\$aWW1$bEuropeana_Collections_1914-1918_20131217_7
=SRC  \\$aWW1$bEuropeana_Collections_1914-1918_20131217_8
=SRC  \\$aWW1$bEuropeana_Collections_1914-1918_20131217_9
=SRC  \\$aWW1$bEuropeana_Collections_1914-1918_20140113
=SRC  \\$aWW1$bEuropeana_Collections_1914-1918_20140114
=OHC  \\$a1
=LAS  \\$aWR13.144/5$b00$c20140418$lBLL01$h1049

