=LDR  04818 as a2201093 a 4500
=001  016586686
=003  Uk
=005  20131218180948.0
=007  cr\mn\024mpada
=007  ta
=008  891220d191519uugw\uu\p\s\\\\\00\\a0eng\\
=FMT  \\$a  SE
=019  c\$a2381156
=019  x\$a2522990179
=040  \\$aUk$cUk$dUk
=245  04$aThe Wooden City :$ba journal for British prisoners of war.
=264  \1$aGöttingen :$b[s.n.],$c1915.
=300  \\$av ;$c(8º)
=336  \\$atext$2rdacontent
=337  \\$acomputer$2rdamedia
=338  \\$aonline$2rdacarrier
=340  \\$m8vo$2rdabf
=362  0\$aNo. 1 (July 1, 1915)-
=540  \\$aCurrent copyright fee: GBP12.00$c0$5Uk
=650  \0$aWorld War, 1914-1918$xPrisoners and prisons, British$vPeriodicals.
=650  \0$aWorld War, 1914-1918$xPrisoners and prisons, German$vPeriodicals.
=650  \0$aWorld War, 1914-1918$xPropaganda.
=655  \4$aTrench journal
=859  \\$aXLD$bWW1
=852  4\$cDRT$jDigital Store P.P.4039.wbs.(2.)$aBritish Library$bHMNTS$3No. 1 (July 1, 1915)-no. 27 (Sept. 1916)***No. 11 is out of print.
=945  \\$aWOODEN CITY.
=979  \\$aBritish Library$bDSC$j9346.125000N
=985  \\$a650 0{dollar}aWorld War, 1914-1918{dollar}xPropaganda - Europeana Project LCSH. Propoganda is a point of view not allowed in LCsH.
=985  \\$aCorrected by BSS-generated file for WR# 11/211
=985  \\$aCorrected by MS generated file for WR# 12.037
=985  \\$aEnhanced by MS generated file for WR# 12/139
=985  \\$aRecord merged by DQ team
=985  \\$aCorrected by MS generated file for WR# 1805-0738
=CAT  \\$aBATCH-DCW$b00$c20131218$lBLL01$h1809
=CAT  \\$aBATCH-DCW$b00$c20131218$lBLL01$h1846
=CAT  \\$aBATCH-DCW$b00$c20131218$lBLL01$h1852
=CAT  \\$aBATCH-DCW$b00$c20131218$lBLL01$h1859
=CAT  \\$aBATCH-DCW$b00$c20131218$lBLL01$h1906
=CAT  \\$aBATCH-DCW$b00$c20131218$lBLL01$h1913
=CAT  \\$aBATCH-DCW$b00$c20131218$lBLL01$h1920
=CAT  \\$aBATCH-DCW$b00$c20131218$lBLL01$h1927
=CAT  \\$aBATCH-DCW$b00$c20131218$lBLL01$h1934
=CAT  \\$aBATCH-DCW$b00$c20131218$lBLL01$h1941
=CAT  \\$aBATCH-DCW$b00$c20131218$lBLL01$h1948
=CAT  \\$aBATCH-DCW$b00$c20131218$lBLL01$h1955
=CAT  \\$aBATCH-DCW$b00$c20131218$lBLL01$h2002
=CAT  \\$aBATCH-DCW$b00$c20131218$lBLL01$h2009
=CAT  \\$aBATCH-DCW$b00$c20131218$lBLL01$h2016
=CAT  \\$aBATCH-DCW$b00$c20131218$lBLL01$h2023
=CAT  \\$aBATCH-DCW$b00$c20131218$lBLL01$h2030
=CAT  \\$aBATCH-DCW$b00$c20131218$lBLL01$h2038
=CAT  \\$aBATCH-DCW$b00$c20131218$lBLL01$h2045
=CAT  \\$aBATCH-DCW$b00$c20140120$lBLL01$h1108
=CAT  \\$aWR14.046$c20140417$lBLL01$h1726
=CAT  \\$aWR13.144/5$c20140418$lBLL01$h1049
=CAT  \\$aBATCH-RIGH$c20170607$lBLL01$h1816
=CAT  \\$aR1706-1834$c20170629$lBLL01$h1227
=CAT  \\$a1805-0738$c20181228$lBLL01$h1836
=CAT  \\$a1805-0738$b00$c20181228$lBLL01$h1920
=FIN  \\$aY$d20131218
=LKR  \\$aPAR$lBLL01$r776$b002834003$mThe Wooden City : a journal for British prisoners of war.$nThe Wooden City : a journal for British prisoners of war.
=DGM  \\$a002834003$bCatBridge variable field
=DRT  \\$aWW1
=SRC  \\$aWW1$bEuropeana_Collections_1914-1918_20131217_1
=SRC  \\$aWW1$bEuropeana_Collections_1914-1918_20131217_10
=SRC  \\$aWW1$bEuropeana_Collections_1914-1918_20131217_11
=SRC  \\$aWW1$bEuropeana_Collections_1914-1918_20131217_12
=SRC  \\$aWW1$bEuropeana_Collections_1914-1918_20131217_13
=SRC  \\$aWW1$bEuropeana_Collections_1914-1918_20131217_14
=SRC  \\$aWW1$bEuropeana_Collections_1914-1918_20131217_15
=SRC  \\$aWW1$bEuropeana_Collections_1914-1918_20131217_16
=SRC  \\$aWW1$bEuropeana_Collections_1914-1918_20131217_17
=SRC  \\$aWW1$bEuropeana_Collections_1914-1918_20131217_18
=SRC  \\$aWW1$bEuropeana_Collections_1914-1918_20131217_19
=SRC  \\$aWW1$bEuropeana_Collections_1914-1918_20131217_2
=SRC  \\$aWW1$bEuropeana_Collections_1914-1918_20131217_20
=SRC  \\$aWW1$bEuropeana_Collections_1914-1918_20131217_21
=SRC  \\$aWW1$bEuropeana_Collections_1914-1918_20131217_22
=SRC  \\$aWW1$bEuropeana_Collections_1914-1918_20131217_23
=SRC  \\$aWW1$bEuropeana_Collections_1914-1918_20131217_3
=SRC  \\$aWW1$bEuropeana_Collections_1914-1918_20131217_4
=SRC  \\$aWW1$bEuropeana_Collections_1914-1918_20131217_5
=SRC  \\$aWW1$bEuropeana_Collections_1914-1918_20131217_6
=SRC  \\$aWW1$bEuropeana_Collections_1914-1918_20131217_7
=SRC  \\$aWW1$bEuropeana_Collections_1914-1918_20131217_8
=SRC  \\$aWW1$bEuropeana_Collections_1914-1918_20131217_9
=SRC  \\$aWW1$bEuropeana_Collections_1914-1918_20140117
=OHC  \\$a1
=LAS  \\$a1805-0738$b00$c20181228$lBLL01$h1920

