=LDR  02290 as a22005653  4500
=001  016586687
=003  Uk
=005  20131218180948.0
=007  cr\mn\024mpada
=008  891211d191719uuenkar\p\s\\\\\00\\a0eng\\
=FMT  \\$a  SE
=019  x\$a2533700037
=040  \\$aUk$cUk
=245  00$aSea-Pie :$bIn aid of authorized naval prisoners of war charities.
=264  \1$aLondon :$bPrinted and Published under the auspices of the Navy League by J.J. Keliher & Co, Ltd,$c[1917-1920]
=300  \\$a7 nos ;$c(4º)
=310  \\$aAnnual
=336  \\$atext$2rdacontent
=337  \\$acomputer$2rdamedia
=338  \\$aonline$2rdacarrier
=340  \\$m4to$2rdabf
=650  \0$aWorld War, 1914-1918$vHumor$vPeriodicals.
=650  \0$aWorld War, 1914-1918$vPeriodicals.
=650  \0$aWorld War, 1914-1918$xPropaganda.
=655  \4$aTrench journal
=710  2\$aNavy League (London, England)
=859  \\$aXLD$bWW1
=852  4\$cDRT$jDigital Store P.P.4039.wei.$aBritish Library$bHMNTS
=985  \\$a650 0{dollar}aWorld War, 1914-1918{dollar}xPropaganda - Europeana Project LCSH. Propoganda is a point of view not allowed in LCsH.
=985  \\$aCorrected by MS generated file for WR# 12.037
=985  \\$aEnhanced by MS generated file for WR# 12/139
=985  \\$aEnhanced by MS generated file for WR# 13/021
=985  \\$aEnhanced by MS generated file for WR# 13/054
=985  \\$aCorrected by MS generated file for WR# 1805-0738
=CAT  \\$aBATCH-DCW$b00$c20131218$lBLL01$h1809
=CAT  \\$aBATCH-DCW$b00$c20140120$lBLL01$h0221
=CAT  \\$aWR14.046$c20140417$lBLL01$h1726
=CAT  \\$aWR13.144/5$c20140418$lBLL01$h1049
=CAT  \\$aBATCH-RIGH$c20170607$lBLL01$h1816
=CAT  \\$aR1706-1834$c20170629$lBLL01$h1227
=CAT  \\$a1805-0738$c20181228$lBLL01$h1836
=CAT  \\$a1805-0738$b00$c20181228$lBLL01$h1920
=FIN  \\$aY$d20131218
=LKR  \\$aPAR$lBLL01$r776$b002853408$mSea-Pie : In aid of authorized naval prisoners of war charities.$nSea-Pie : In aid of authorized naval prisoners of war charities.
=DGM  \\$a002853408$bCatBridge variable field
=DRT  \\$aWW1
=SRC  \\$aWW1$bEuropeana_Collections_1914-1918_20131217_1
=SRC  \\$aWW1$bEuropeana_Collections_1914-1918_20140113
=OHC  \\$a1
=LAS  \\$a1805-0738$b00$c20181228$lBLL01$h1920

