=LDR  01783 am a2200481uu 4500
=001  016586688
=003  Uk
=005  20131218180948.0
=007  cr\mn\024mpada
=008  040420s1917\\\\xx\\\\\|s\\\\\000\||eng\\
=FMT  \\$a  BK
=019  u\$aG11118905
=040  \\$aUk$cUk
=130  4\$aThe Times.
=245  14$aThe Times Documentary history of the War.
=260  \\$a[S.l.] :$bPrinting House Square,$c1917.
=336  \\$atext$2rdacontent
=337  \\$acomputer$2rdamedia
=338  \\$aonline$2rdacarrier
=505  0\$aVols. I-XI.
=859  \\$aXLD$bWW1
=852  4\$cDRT$jDigital Store W90/9283$aBritish Library$bDSC
=852  4\$cDRT$jDigital Store W90/9282$aBritish Library$bDSC
=852  4\$cDRT$jDigital Store W90/9277$aBritish Library$bDSC
=852  4\$aBritish Library$bDSC$cDRT$jDigital Store W90/9278
=852  4\$cDRT$jDigital Store W90/9281$aBritish Library$bDSC
=CAT  \\$aBATCH-DCW$b00$c20131218$lBLL01$h1809
=CAT  \\$aBATCH-DCW$b00$c20140120$lBLL01$h0058
=CAT  \\$aWR14.046$c20140417$lBLL01$h1726
=CAT  \\$aWR13.144/5$c20140418$lBLL01$h1049
=CAT  \\$aBATCH-DCW$b00$c20151231$lBLL01$h1205
=CAT  \\$aBATCH-DCW$b00$c20151231$lBLL01$h1304
=CAT  \\$aBATCH-DCW$b00$c20151231$lBLL01$h1406
=FIN  \\$aY$d20131218
=LKR  \\$aPAR$lBLL01$r776$b006816839$mThe Times Documentary history of the War.$nThe Times Documentary history of the War.
=DGM  \\$a006816839$bCatBridge variable field
=DRT  \\$aWW1
=SRC  \\$aWW1$bEuropeana_Collections_1914-1918_20131217_1
=SRC  \\$aWW1$bEuropeana_Collections_1914-1918_20131219
=SRC  \\$aWW1$bEuropeana_Collections_1914-1918_20140508
=SRC  \\$aWW1$bEuropeana_Collections_1914-1918_20140510
=OHC  \\$a11
=LAS  \\$aBATCH-DCW$b00$c20151231$lBLL01$h1406

