=LDR  01389 am a2200433 a 4500
=001  016606522
=003  Uk
=005  20140119230715.0
=007  cr\mn\024mpada
=008  881101s1920\\\\enkab\\\s\\\\\000\0|eng\\
=FMT  \\$a  BK
=019  0\$as016572009
=019  u\$aG11015353
=019  x\$a3072950172
=040  \\$aUk$cUk$dUk
=084  \\$aAR 83$2blsrissc
=100  1\$aSolomon, Solomon J.$q(Solomon Joseph),$d1860-1927.
=245  10$aStrategic camouflage /$cby Solomon J. Solomon.
=260  \\$aLondon :$bJohn Murray,$c1920.
=300  \\$axii, 62 p., 32 plates :$bill., map ;$c30 cm.
=336  \\$atext$2rdacontent
=337  \\$acomputer$2rdamedia
=338  \\$aonline$2rdacarrier
=650  \0$aCamouflage (Military science)
=650  \0$aWorld War, 1914-1918$xBattlefields.
=655  \4$aBook
=859  \\$aXLD$bWW1
=852  4\$aBritish Library$bHMNTS$cDRT$jDigital Store J/8824.h.19.
=968  \\$bX
=CAT  \\$aBATCH-DCW$b00$c20140119$lBLL01$h2307
=CAT  \\$aWR14.046$c20140417$lBLL01$h1726
=CAT  \\$aWR13.144/5$c20140418$lBLL01$h1050
=FIN  \\$aY$d20140119
=LKR  \\$aPAR$lBLL01$r776$b012091755$mStrategic camouflage /$nStrategic camouflage /
=DGM  \\$a012091755$bCatBridge variable field
=DRT  \\$aWW1
=SRC  \\$aWW1$bEuropeana_Collections_1914-1918_repair_20140119
=OHC  \\$a3
=LAS  \\$aWR13.144/5$b00$c20140418$lBLL01$h1050

