=LDR  01303 am a22003973  4500
=001  016606523
=003  Uk
=005  20140119230728.0
=007  cr\mn\024mpada
=008  880603|1914|||||||\\\\|s\\\\\|||\||eng\\
=FMT  \\$a  BK
=019  x\$a092303028X
=040  \\$aUk$cUk
=100  1\$aEGERTON, Hugh Edward.
=245  14$aThe War and the British Dominions.
=260  \\$c1914.
=300  \\$a23 p.
=336  \\$atext$2rdacontent
=337  \\$acomputer$2rdamedia
=338  \\$aonline$2rdacarrier
=580  \\$aIn : Oxford Pamphlets. Oxford Pamphlets. 1914. 1914, etc. 8º.
=650  \0$aWorld War, 1914-1918$xPropaganda.
=655  \4$aPamphlet
=859  \\$aXLD$bWW1
=852  4\$cDRT$jDigital Store 08028.de.93/21.$aBritish Library$bHMNTS
=985  \\$aCorrected by BSS-generated file for WR# 11/211
=CAT  \\$aBATCH-DCW$b00$c20140119$lBLL01$h2307
=CAT  \\$aWR14.046$c20140417$lBLL01$h1726
=CAT  \\$aWR13.144/5$c20140418$lBLL01$h1050
=FIN  \\$aY$d20140119
=LKR  \\$aPAR$lBLL01$r776$b001044901$mThe War and the British Dominions.$nThe War and the British Dominions.
=DGM  \\$a001044901$bCatBridge variable field
=DRT  \\$aWW1
=SRC  \\$aWW1$bEuropeana_Collections_1914-1918_repair_20140119
=OHC  \\$a1
=LAS  \\$aWR13.144/5$b00$c20140418$lBLL01$h1050

