=LDR  01387 am a22004213  4500
=001  016606524
=003  Uk
=005  20140119230729.0
=007  cr\mn\024mpada
=008  881130|1915|||||||\\\\|s\\\\\|||\||eng\\
=FMT  \\$a  BK
=019  x\$a1473670071
=040  \\$aUk$cUk
=100  1\$aHICKS, Edward Lee,$cBishop of Lincoln.
=245  14$aThe Church and the War.
=260  \\$c[1915]
=300  \\$a17 p.
=336  \\$atext$2rdacontent
=337  \\$acomputer$2rdamedia
=338  \\$aonline$2rdacarrier
=580  \\$aIn : Oxford Pamphlets. Oxford Pamphlets, 1914. 1914, etc. 8º.
=650  \0$aWorld War, 1914-1918$xPropaganda.
=655  \4$aPamphlet
=859  \\$aXLD$bWW1
=852  4\$cDRT$jDigital Store 08028.de.93/50.$aBritish Library$bHMNTS
=985  \\$aCorrected by MS generated file for WR# 11/211
=CAT  \\$aBATCH-DCW$b00$c20140119$lBLL01$h2307
=CAT  \\$aWR14.046$c20140417$lBLL01$h1726
=CAT  \\$aWR13.144/5$c20140418$lBLL01$h1050
=CAT  \\$aBATCH-RIGH$c20170607$lBLL01$h1816
=CAT  \\$aR1706-1834$c20170629$lBLL01$h1227
=FIN  \\$aY$d20140119
=LKR  \\$aPAR$lBLL01$r776$b001678543$mThe Church and the War.$nThe Church and the War.
=DGM  \\$a001678543$bCatBridge variable field
=DRT  \\$aWW1
=SRC  \\$aWW1$bEuropeana_Collections_1914-1918_repair_20140119
=OHC  \\$a1
=LAS  \\$aR1706-1834$b00$c20170629$lBLL01$h1227

