=LDR  01712 am a22004573  4500
=001  016606525
=003  Uk
=005  20200626183317.0
=007  cr\mn\024mpada
=008  890201|1921|||||||\\\\|s\\\\\|||\||pol\\
=FMT  \\$a  BK
=019  x\$a1872070116
=040  \\$aUk$cUk
=100  1\$aLEDNICKI, Aleksander.
=245  10$aZ lat wojny. Artykuły, listy, przemówienia. 1915-1918.
=264  \1$aWarszawa :$bKsięgarnia F. Hoesicka,$c1921.
=300  \\$a286 pages ;$c(8º)
=336  \\$atext$2rdacontent
=337  \\$acomputer$2rdamedia
=338  \\$aonline$2rdacarrier
=650  \\$aWorld War, 1914-1918$zPoland.
=655  \4$aBook
=859  \\$aXLD$bWW1
=883  0\$aLanguage codes assigned by Bayesian analysis of words present in record$d20181024$qUk$c0.997
=852  4\$cDRT$jDigital Store 8096.bb.7.$aBritish Library$bHMNTS
=985  \\$aCorrected by BSS-generated file for WR# 11/031
=985  \\$aCorrected by MS generated file for WR# 1805-0738
=CAT  \\$aBATCH-DCW$b00$c20140119$lBLL01$h2307
=CAT  \\$aWR14.046$c20140417$lBLL01$h1726
=CAT  \\$aWR13.144/5$c20140418$lBLL01$h1050
=CAT  \\$a1805-0738$c20181228$lBLL01$h1836
=CAT  \\$a1805-0738$b00$c20181228$lBLL01$h1920
=CAT  \\$aW1903-1550$b00$c20190614$lBLL01$h1844
=CAT  \\$aW2001-2376$c20200626$lBLL01$h1833
=FIN  \\$aY$d20140119
=LKR  \\$aPAR$lBLL01$r776$b002108936$mZ lat wojny. Artykuły, listy, przemówienia. 1915-1918.$nZ lat wojny. Artykuły, listy, przemówienia. 1915-1918.
=DGM  \\$a002108936$bCatBridge variable field
=DRT  \\$aWW1
=SRC  \\$aWW1$bEuropeana_Collections_1914-1918_repair_20140119
=OHC  \\$a1
=LAS  \\$aW2001-2376$b00$c20200626$lBLL01$h1833

