=LDR  01906 am a22005053  4500
=001  016606526
=003  Uk
=005  20200626183317.0
=007  cr\mn\024mpada
=008  890522|1915||||enk\\\\|s\\\\\|||\||eng\\
=FMT  \\$a  BK
=019  x\$a2050890036
=040  \\$aUk$cUk
=100  1\$aMacDonald, James Ramsay,$d1866-1937.
=245  10$aWar and the Workers. A plea for democratic control.
=264  \1$aLondon,$c[1915]
=300  \\$a16 pages ;$c(8º)
=336  \\$atext$2rdacontent
=337  \\$acomputer$2rdamedia
=338  \\$aonline$2rdacarrier
=490  0\$a[Union of Democratic Control. Pamphlets. no. 8.]
=650  \0$aWorld War, 1914-1918$xMoral and ethical aspects.
=655  \4$aPamphlet
=859  \\$aXLD$bWW1
=852  4\$cDRT$jDigital Store 08008.bb.51/8.$aBritish Library$bHMNTS
=985  \\$aCorrected by BSS-generated file for WR# 11/211
=985  \\$aCorrected by MS generated file for WR# 12.037
=985  \\$aEnhanced by MS generated file for WR# 12/139
=985  \\$aEnhanced by MS generated file for WR# 13/021
=985  \\$aEnhanced by MS generated file for WR# 13/054
=985  \\$aCorrected by MS generated file for WR# 1805-0738
=CAT  \\$aBATCH-DCW$b00$c20140119$lBLL01$h2307
=CAT  \\$aWR14.046$c20140417$lBLL01$h1726
=CAT  \\$aWR13.144/5$c20140418$lBLL01$h1050
=CAT  \\$aBATCH-UPD$b00$c20150520$lBLL01$h1028
=CAT  \\$a1805-0738$c20181228$lBLL01$h1836
=CAT  \\$a1805-0738$b00$c20181228$lBLL01$h1920
=CAT  \\$aW2001-2376$c20200626$lBLL01$h1833
=FIN  \\$aY$d20140119
=LKR  \\$aPAR$lBLL01$r776$b002310344$mWar and the Workers. A plea for democratic control.$nWar and the Workers. A plea for democratic control.
=DGM  \\$a002310344$bCatBridge variable field
=DRT  \\$aWW1
=SRC  \\$aWW1$bEuropeana_Collections_1914-1918_repair_20140119
=OHC  \\$a1
=LAS  \\$aW2001-2376$b00$c20200626$lBLL01$h1833

