=LDR  01472 am a22004333  4500
=001  016606527
=003  Uk
=005  20140119230729.0
=007  cr\mn\024mpada
=008  890703|1918|||||||\\\\|s\\\\\|||\||eng\\
=FMT  \\$a  BK
=019  x\$a2271000130
=040  \\$aUk$cUk
=100  1\$aMORISON, James Rutherford.
=245  10$aBipp Treatment of War Wounds.
=260  \\$c1918.
=300  \\$a72 p.
=336  \\$atext$2rdacontent
=337  \\$acomputer$2rdamedia
=338  \\$aonline$2rdacarrier
=580  \\$aIn : Oxford War Primers. Oxford War Primers. 1915, etc. 8º.
=650  \0$aWorld War, 1914-1918$xMedical care.
=655  \4$aBook
=859  \\$aXLD$bWW1
=852  4\$cDRT$jDigital Store 12207.aa.4/13.$aBritish Library$bHMNTS
=985  \\$aCorrected by BSS-generated file for WR# 11/211
=985  \\$aCorrected by MS generated file for WR# 12.037
=985  \\$aEnhanced by MS generated file for WR# 13/021
=985  \\$aEnhanced by MS generated file for WR# 13/054
=CAT  \\$aBATCH-DCW$b00$c20140119$lBLL01$h2307
=CAT  \\$aWR14.046$c20140417$lBLL01$h1726
=CAT  \\$aWR13.144/5$c20140418$lBLL01$h1050
=FIN  \\$aY$d20140119
=LKR  \\$aPAR$lBLL01$r776$b002551446$mBipp Treatment of War Wounds.$nBipp Treatment of War Wounds.
=DGM  \\$a002551446$bCatBridge variable field
=DRT  \\$aWW1
=SRC  \\$aWW1$bEuropeana_Collections_1914-1918_repair_20140119
=OHC  \\$a1
=LAS  \\$aWR13.144/5$b00$c20140418$lBLL01$h1050

