=LDR  02042cas a22005293  4500
=001  016606528
=003  Uk
=005  20220509095801.0
=007  cr\mn\024mpada
=008  091210d19141917ru\uu\p\s\\\\\0\\\c0rus\\
=FMT  \\$a  SE
=019  x\$a2524080250
=040  \\$aUk$beng$cUk$dUk
=245  00$aLi︠e︡topisʹ voǐny.
=246  13$6880-01$aLetopisʹ voiny
=260  \\$6880-02$aPetrograd :$bR. Golike i A. Vilb́org,$c1914-1917.
=300  \\$avolumes :$billustrations ;$c33 cm
=336  \\$atext$2rdacontent
=337  \\$acomputer$2rdamedia
=338  \\$aonline$2rdacarrier
=362  0\$6880-03$aNo. 1 (1914)-no. 132 (1917).
=500  \\$aRedaktor-izdatelʹ Dm. Dubenskiǐ.
=650  \0$aWorld War, 1914-1918$zRussia.
=700  1\$aDubenskiĭ, Dmitriĭ Nikolaevich,$d1857 or 1858-1923.
=880  13$6246-01$aЛетопись воины
=880  \\$6260-02$aПетроград :$bR. Golike i A. Vilb́org,$c1914-1917.
=880  0\$6362-03$aНо. 1 (1914)-но. 132 (1917).
=859  \\$aXLD$bWW1
=852  4\$aBritish Library$bHMNTS$cDRT$jDigital Store P.P.4051.pd.$3No. 1 (1914)-no. 132 (1917)
=985  \\$aCorrected by MS generated file for WR# 12.037
=CAT  \\$aBATCH-DCW$b00$c20140119$lBLL01$h2307
=CAT  \\$aBATCH-DCW$b00$c20140120$lBLL01$h0058
=CAT  \\$aBATCH-DCW$b00$c20140120$lBLL01$h1051
=CAT  \\$aBATCH-DCW$b00$c20140120$lBLL01$h1656
=CAT  \\$aWR14.046$c20140417$lBLL01$h1726
=CAT  \\$aWR13.144/5$c20140418$lBLL01$h1050
=CAT  \\$a8874$b40$c20220509$lBLL01$h0958
=FIN  \\$aY$d20140119
=LKR  \\$aPAR$lBLL01$r776$b002837476$mLi︠e︡topisʹ voĭny.$nLi︠e︡topisʹ voĭny.
=DGM  \\$a002837476$bCatBridge variable field
=DRT  \\$aWW1
=SRC  \\$aWW1$bEuropeana_Collections_1914-1918_20131209
=SRC  \\$aWW1$bEuropeana_Collections_1914-1918_20131219
=SRC  \\$aWW1$bEuropeana_Collections_1914-1918_20140116
=SRC  \\$aWW1$bEuropeana_Collections_1914-1918_repair_20140119
=OHC  \\$a1
=LAS  \\$a8874$b40$c20220509$lBLL01$h0958

