=LDR  02139 am a22005173  4500
=001  016606529
=003  Uk
=005  20200626183317.0
=007  cr\mn\024mpada
=008  871118|1915||||enk\\\\|s\\\\\|||\||eng\\
=FMT  \\$a  BK
=019  x\$a0232190224
=040  \\$aUk$cUk
=100  1\$aBegbie, Harold,$d1871-1929.
=245  10$aOn the Side of the Angels: a reply to Arthur Machen [i.e. to his tale "The Bowmen"] ... Third edition.
=264  \1$aLondon :$bHodder & Stoughton,$c1915.
=300  \\$a126 pages ;$c(8º)
=336  \\$atext$2rdacontent
=337  \\$acomputer$2rdamedia
=338  \\$aonline$2rdacarrier
=650  \0$aWorld War, 1914-1918$xLiterature and the war.
=655  \4$aBook
=700  1\$aMachen, Arthur,$d1863-1947.
=859  \\$aXLD$bWW1
=886  2\$2blmarc$a709$b00$aMACHEN$hArthur Llewellyn Jones$p012330.e.95.$x2053730293
=852  4\$cDRT$jDigital Store 012330.e.95.$aBritish Library$bHMNTS
=985  \\$aCorrected by BSS-generated file for WR# 11/048
=985  \\$aCorrected by MS generated file for WR# 12.037
=985  \\$aEnhanced by MS generated file for WR# 12/139
=985  \\$aEnhanced by MS generated file for WR# 13/021
=985  \\$aEnhanced by MS generated file for WR# 13/054
=985  \\$aCorrected by MS generated file for WR# 1805-0738
=CAT  \\$aBATCH-DCW$b00$c20140120$lBLL01$h0003
=CAT  \\$aWR14.046$c20140417$lBLL01$h1726
=CAT  \\$aWR13.144/5$c20140418$lBLL01$h1050
=CAT  \\$aBATCH-UPD$b00$c20150520$lBLL01$h1027
=CAT  \\$a1805-0738$c20181228$lBLL01$h1836
=CAT  \\$a1805-0738$b00$c20181228$lBLL01$h1920
=CAT  \\$aW2001-2376$c20200626$lBLL01$h1833
=FIN  \\$aY$d20140120
=LKR  \\$aPAR$lBLL01$r776$b000251192$mOn the Side of the Angels: a reply to Arthur Machen [i.e. to his tale "The Bowmen"] ... Third edition.$nOn the Side of the Angels: a reply to Arthur Machen [i.e. to his tale "The Bowmen"] ... Third edition.
=DGM  \\$a000251192$bCatBridge variable field
=DRT  \\$aWW1
=SRC  \\$aWW1$bEuropeana_Collections_1914-1918_20131120_1
=OHC  \\$a1
=LAS  \\$aW2001-2376$b00$c20200626$lBLL01$h1833

