=LDR  02424 am a22005293  4500
=001  016606531
=003  Uk
=005  20200626183317.0
=007  cr\mn\024mpada
=008  880718|1931||||enk\\\\|s\\\\o|||\||eng\\
=FMT  \\$a  BK
=019  x\$a0970110162
=040  \\$aUk$cUk
=110  1\$aGreat Britain.$bArmy.$bInfantry.$bRegiments.$bFoot Guards.$bGuards Machine Gun Regiment, 4th Battalion.
=245  13$a[A Brief Narrative of the Guards Machine Gun Battalion during the year 1918. By ... Lieut.-Colonel R. Bingham. With an appendix entitled "Machine-Gun Tactics and Organisation."]
=264  \1$a[London],$c[1931]
=300  \\$a2 parts ;$c(4º)
=336  \\$atext$2rdacontent
=337  \\$acomputer$2rdamedia
=338  \\$aonline$2rdacarrier
=500  \\$aTypewritten. Imperfect; wanting the titlepage.
=650  \0$aRegimental histories
=655  \4$aBook
=700  1\$aBINGHAM, Ralph Charles.
=859  \\$aXLD$bWW1
=886  2\$2blmarc$a709$b00$aBINGHAM$hRalph Charles$p9086.aa.1.$x0324140231
=852  4\$cDRT$jDigital Store 9086.aa.1.$aBritish Library$bHMNTS
=985  \\$aCorrected by BSS-generated file
=985  \\$aCorrected by BSS-generated file for WR# 08/145
=985  \\$aCorrected by MS generated file for WR# 11.211
=985  \\$aEnhanced by MS generated file for WR# 12/139
=985  \\$aEnhanced by MS generated file for WR# 13/021
=985  \\$aEnhanced by MS generated file for WR# 13/054
=985  \\$aCorrected by MS generated file for WR# 1805-0738
=CAT  \\$aBATCH-DCW$b00$c20140120$lBLL01$h0003
=CAT  \\$aWR14.046$c20140417$lBLL01$h1726
=CAT  \\$aWR13.144/5$c20140418$lBLL01$h1050
=CAT  \\$a1805-0738$c20181228$lBLL01$h1836
=CAT  \\$a1805-0738$b00$c20181228$lBLL01$h1920
=CAT  \\$aW2001-2376$c20200626$lBLL01$h1833
=FIN  \\$aY$d20140120
=LKR  \\$aPAR$lBLL01$r776$b001096605$m[A Brief Narrative of the Guards Machine Gun Battalion during the year 1918. By ... Lieut.-Colonel R. Bingham. With an appendix entitled "Machine-Gun Tactics and Organisation."]$n[A Brief Narrative of the Guards Machine Gun Battalion during the year 1918. By ... Lieut.-Colonel R. Bingham. With an appendix entitled "Machine-Gun Tactics and Organisation."]
=DGM  \\$a001096605$bCatBridge variable field
=DRT  \\$aWW1
=SRC  \\$aWW1$bEuropeana_Collections_1914-1918_20131120_1
=OHC  \\$a1
=LAS  \\$aW2001-2376$b00$c20200626$lBLL01$h1833

