=LDR  02478 am a22005413  4500
=001  016606535
=003  Uk
=005  20201017094613.0
=007  cr\mn\024mpada
=008  890224|1918||||enk\\\\|s\\\\\|||\||eng\\
=FMT  \\$a  BK
=019  x\$a1914850157
=040  \\$aUk$cUk
=100  1\$aLICHNOWSKY, Carl Max,$cPrince.
=245  10$aMy Mission to London, 1912-1914 ... With a preface by Professor Gilbert Murray.
=264  \1$aLondon :$bCassell & Co,$c1918.
=300  \\$axv, 43 pages ;$c(8º)
=336  \\$atext$2rdacontent
=337  \\$acomputer$2rdamedia
=338  \\$aonline$2rdacarrier
=700  1\$aMurray, Gilbert,$d1866-1957.
=775  0\$t[My Mission to London, 1912-1914 ... With a preface by Professor Gilbert Murray.]$w(Uk)MP1.0002294292.1$dpp. xvi. 43. Cassell & Co.: Toronto, 1918. 8º.
=859  \\$aXLD$bWW1
=886  2\$2blmarc$a709$b00$aMURRAY$hGeorge Gilbert Aimé$p08072.bb.53.$x2303530091
=883  0\$aLanguage codes assigned by Bayesian analysis of words present in record$d20200826$qUk$c0.9919
=852  4\$aBritish Library$bHMNTS$cDRT$jDigital Store 08072.bb.53
=985  \\$aCorrected by BSS-generated file for WR# 11/216
=985  \\$aCorrected by MS generated file for WR# 1805-0738
=985  \\$aDisaggregated record: Type B
=985  \\$aEnhanced by MS generated file for WR# 12/139
=985  \\$aUpgraded by BSS-generated file for WR2009-0365
=CAT  \\$aBATCH-DCW$b00$c20140120$lBLL01$h0003
=CAT  \\$aWR14.046$c20140417$lBLL01$h1726
=CAT  \\$aWR13.144/5$c20140418$lBLL01$h1050
=CAT  \\$aBATCH-RIGH$c20170607$lBLL01$h1816
=CAT  \\$aR1706-1834$c20170629$lBLL01$h1227
=CAT  \\$a1805-0738$c20181228$lBLL01$h1836
=CAT  \\$a1805-0738$b00$c20181228$lBLL01$h1920
=CAT  \\$aW2001-2376$c20200626$lBLL01$h1833
=CAT  \\$aW2009-0365$b00$c20201017$lBLL01$h0946
=FIN  \\$aY$d20140120
=LKR  \\$aPAR$b002162798$r775$mMy Mission to London, 1912-1914 ... With a preface by Professor Gilbert Murray.$n[My Mission to London, 1912-1914 ... With a preface by Professor Gilbert Murray.]
=LKR  \\$aPAR$lBLL01$r776$b002162797$mMy Mission to London, 1912-1914 ... With a preface by Professor Gilbert Murray.$nMy Mission to London, 1912-1914 ... With a preface by Professor Gilbert Murray.
=DGM  \\$a002162797$bCatBridge variable field
=DRT  \\$aWW1
=SRC  \\$aWW1$bEuropeana_Collections_1914-1918_20131120_1
=OHC  \\$a1
=LAS  \\$aW2009-0365$b00$c20201017$lBLL01$h0946

