=LDR  01659 am a22004813  4500
=001  016606536
=003  Uk
=005  20200626183317.0
=007  cr\mn\024mpada
=008  880629|1916||||enk\\\\|s\\\\\|||\||eng\\
=FMT  \\$a  BK
=019  x\$a099303019X
=040  \\$aUk$cUk
=110  2\$aArmenian Red Cross and Refugee Fund (ENGLAND)
=245  10$a[Reports, etc.]
=264  \1$aLondon,$c[1916]
=300  \\$c(8º)
=336  \\$atext$2rdacontent
=337  \\$acomputer$2rdamedia
=338  \\$aonline$2rdacarrier
=650  \0$aWorld War, 1914-1918$xRefugees
=655  \4$aOfficial document
=859  \\$aXLD$bWW1
=852  4\$cDRT$jDigital Store 8022.aaa.38.$aBritish Library$bHMNTS
=985  \\$aCorrected by BSS-generated file for WR# 10/139
=985  \\$aCorrected by MS generated file for WR# 12.037
=985  \\$aEnhanced by MS generated file for WR# 12/139
=985  \\$aEnhanced by MS generated file for WR# 13/021
=985  \\$aEnhanced by MS generated file for WR# 13/054
=985  \\$aCorrected by MS generated file for WR# 1805-0738
=CAT  \\$aBATCH-DCW$b00$c20140120$lBLL01$h0017
=CAT  \\$aWR14.046$c20140417$lBLL01$h1726
=CAT  \\$aWR13.144/5$c20140418$lBLL01$h1050
=CAT  \\$a1805-0738$c20181228$lBLL01$h1836
=CAT  \\$a1805-0738$b00$c20181228$lBLL01$h1920
=CAT  \\$aW2001-2376$c20200626$lBLL01$h1833
=FIN  \\$aY$d20140120
=LKR  \\$aPAR$lBLL01$r776$b001126972$m[Reports, etc.]$n[Reports, etc.]
=DGM  \\$a001126972$bCatBridge variable field
=DRT  \\$aWW1
=SRC  \\$aWW1$bEuropeana_Collections_1914-1918_20131122
=OHC  \\$a1
=LAS  \\$aW2001-2376$b00$c20200626$lBLL01$h1833

