=LDR  01888 am a22004573  4500
=001  016606539
=003  Uk
=005  20200626183317.0
=007  cr\mn\024mpada
=008  880818|1918||||enk\\\\|s\\\\\|||\||eng\\
=FMT  \\$a  BK
=019  x\$a1120810256
=040  \\$aUk$cUk
=100  1\$aFORWOOD, William Bower,$cSir,$cK.B.E.
=245  14$aThe Economics of War Finance explained in simple words ... Reprinted ... with additions from "The Liverpool Daily Post.".
=264  \1$aLiverpool :$bH. Young & Sons,$c1918.
=300  \\$a50 pages ;$c(8º)
=336  \\$atext$2rdacontent
=337  \\$acomputer$2rdamedia
=338  \\$aonline$2rdacarrier
=650  \0$aWorld War, 1914-1918$xEconomic aspects.
=655  \4$aBook
=859  \\$aXLD$bWW1
=852  4\$cDRT$jDigital Store 08226.ee.47.$aBritish Library$bHMNTS
=985  \\$aCorrected by BSS-generated file for WR# 11/211
=985  \\$aCorrected by MS generated file for WR# 12.037
=985  \\$aEnhanced by MS generated file for WR# 12/139
=985  \\$aCorrected by MS generated file for WR# 1805-0738
=CAT  \\$aBATCH-DCW$b00$c20140120$lBLL01$h0055
=CAT  \\$aWR14.046$c20140417$lBLL01$h1726
=CAT  \\$aWR13.144/5$c20140418$lBLL01$h1050
=CAT  \\$a1805-0738$c20181228$lBLL01$h1836
=CAT  \\$a1805-0738$b00$c20181228$lBLL01$h1920
=CAT  \\$aW2001-2376$c20200626$lBLL01$h1833
=FIN  \\$aY$d20140120
=LKR  \\$aPAR$lBLL01$r776$b001274704$mThe Economics of War Finance explained in simple words ... Reprinted ... with additions from "The Liverpool Daily Post.".$nThe Economics of War Finance explained in simple words ... Reprinted ... with additions from "The Liverpool Daily Post.".
=DGM  \\$a001274704$bCatBridge variable field
=DRT  \\$aWW1
=SRC  \\$aWW1$bEuropeana_Collections_1914-1918_20131219
=OHC  \\$a1
=LAS  \\$aW2001-2376$b00$c20200626$lBLL01$h1833

