=LDR  01653 am a22004573  4500
=001  016606540
=003  Uk
=005  20140120005513.0
=007  cr\mn\024mpada
=008  930914s1917\\\\ru\\\\\\s\\\\\000\0\rusod
=FMT  \\$a  BK
=019  x\$a1843340046
=040  \\$aHIN$cHIN$dOCLCG$dUk
=100  1\$aLarin, I︠U︡.$q(I︠U︡riĭ),$d1882-1932.
=245  10$6880-01$aVoĭna i zemelʹnai︠a︡ programma.
=260  \\$aPetrograd :$b"Kniga"$c[1917]
=300  \\$a15 p. ;$c21 cm.
=336  \\$atext$2rdacontent
=337  \\$acomputer$2rdamedia
=338  \\$aonline$2rdacarrier
=490  0\$aBiblīoteka zhurnala "Internat︠s︡ional"
=500  \\$aAuthor's pseud. Larin, I︠U︡., at head of title.
=650  \0$aLand tenure.
=650  \0$aWorld War, 1914-1918$xEconomic aspects.
=655  \4$aPamphlet
=859  \\$aXLD$bWW1
=880  01$6245-10$aВойна и земельная программа.
=852  4\$cDRT$jDigital Store 08027.i.89.(2.)$aBritish Library$bHMNTS
=985  \\$aCorrected by MS generated file for WR# 12.037
=CAT  \\$aBATCH-DCW$b00$c20140120$lBLL01$h0055
=CAT  \\$aWR14.046$c20140417$lBLL01$h1726
=CAT  \\$aWR13.144/5$c20140418$lBLL01$h1050
=CAT  \\$aBATCH-UPD$b00$c20150520$lBLL01$h1025
=CAT  \\$aBATCH-UPD$b00$c20160618$lBLL01$h1729
=FIN  \\$aY$d20140120
=LKR  \\$aPAR$lBLL01$r776$b002077947$mVoĭna i zemelʹnai︠a︡ programma.$nVoĭna i zemelʹnai︠a︡ programma.
=DGM  \\$a002077947$bCatBridge variable field
=DRT  \\$aWW1
=SRC  \\$aWW1$bEuropeana_Collections_1914-1918_20131219
=OHC  \\$a1
=LAS  \\$aBATCH-UPD$b00$c20160618$lBLL01$h1729

