=LDR  01564 am a2200493ua 4500
=001  016606541
=003  Uk
=005  20140120005513.0
=007  cr\mn\024mpada
=008  940614s1916\\\\gw\\\\\|s\\\\||||\||ger\\
=FMT  \\$a  BK
=019  1\$ar6327157
=040  \\$aUk$cUk
=043  \\$aee-----
=050  00$aD550
=082  04$a940.4/147$218
=082  04$a940.4/147$219
=100  1\$aPartsch, Josef,$d1851-1925.
=245  14$aDer östliche Kriegsschauplatz.
=260  \\$aLeipzig :$bTeubner,$c1916.
=300  \\$a120 p.
=336  \\$atext$2rdacontent
=337  \\$acomputer$2rdamedia
=338  \\$aonline$2rdacarrier
=490  0\$aDie Kriegsschauplätze ;$vHft. 3
=650  \0$aWorld War, 1914-1918$xCampaigns$zEastern.
=653  \\$aWorld War 1$aEastern Front
=655  \4$aBook
=859  \\$aXLD$bWW1
=852  4\$cDRT$jDigital Store YA.1994.a.9583$aBritish Library$bHMNTS
=957  \\$a920630d
=985  \\$aCorrected by MS generated file for WR# 12.037
=985  \\$aEnhanced by MS generated file for WR# 13/053
=CAT  \\$aBATCH-DCW$b00$c20140120$lBLL01$h0055
=CAT  \\$aWR14.046$c20140417$lBLL01$h1726
=CAT  \\$aWR13.144/5$c20140418$lBLL01$h1050
=CAT  \\$a7416$b40$c20150723$lBLL01$h1255
=FIN  \\$aY$d20140120
=LKR  \\$aPAR$lBLL01$r776$b010631634$mDer östliche Kriegsschauplatz.$nDer östliche Kriegsschauplatz.
=DGM  \\$a010631634$bCatBridge variable field
=DRT  \\$aWW1
=SRC  \\$aWW1$bEuropeana_Collections_1914-1918_20131219
=OHC  \\$a1
=LAS  \\$a7416$b40$c20150723$lBLL01$h1255

