=LDR  03002 am a22005653  4500
=001  016606542
=003  Uk
=005  20190128155714.0
=007  cr\mn\024mpada
=008  970220m19141916ru\ac\\\s\\\\\000\0\ruso\
=FMT  \\$a  BK
=019  x\$a087428032X
=040  \\$aDLC$cDLC$dUk
=042  \\$aukblsr
=100  1\$aDubenskiĭ, Dmitriĭ Nikolaevich,$d1857 or 1858-1923.
=240  10$aEgo Imperatorskoe Velichestvo Gosudarʹ Imperator Nikolaĭ Aleksandrovich v deĭstvui︠u︡shcheĭ armii
=245  10$aEgo Imperatorskoe Velichestvo Gosudarʹ Imperator Nikolaĭ Aleksandrovich v di︠e︡ĭstvui︠u︡shcheĭ armīi /$csostavil general-maīor Dubenskīĭ.
=246  11$aЕго Императорское Величество Государь Императоръ Николай Александровичъ въ дѣйствующей арміи, Составилъ Генералъ-маіоръ Дубенскій.
=260  \\$aPetrograd :$b[Izd. Ministerstva Imp. Dvora],$c1914-1916.
=300  \\$a4 v. :$bill., col. map, ports. ;$c28 cm.
=336  \\$atext$2rdacontent
=337  \\$acomputer$2rdamedia
=338  \\$aonline$2rdacarrier
=500  \\$aNo more published?
=500  \\$aИзданія Министерства Императорскаго Двора.
=505  0\$a[vyp. 1] Senti︠a︡brʹ-okti︠a︡brʹ 1914 g.--[vyp. 2] Noi︠a︡brʹ-dekabrʹ 1914 g.--[vyp. 3] I︠A︡nvarʹ-īi︠u︡nʹ 1915 g.--vyp. 4. Īi︠u︡lʹ 1915-fevralʹ 1916 g.
=510  3\$aKnizhnai︠a︡ li︠e︡topisʹ, 1916, 1918
=585  \\$3Vol. 3.$aCopy at 9082.h.21.. Exhibited: "Russian Revolution: Hope, Tragedy, Myths", British Library, London, 28 April - 29 August 2017.$5Uk
=600  00$aNicholas$bII,$cEmperor of Russia,$d1868-1918.
=655  \4$aJournal
=700  0\$aNicholas$bII,$cEmperor of Russia,$d1868-1918.
=859  \\$aXLD$bWW1
=886  2\$2blmarc$a709$b00$aNICHOLAS II., Emperor of Russia$tAppendix$p9082.h.21.$x2361580284
=852  4\$cDRT$jDigital Store 9082.h.21.$aBritish Library$bHMNTS
=985  \\$aCorrected by MS generated file for WR# 12.037
=985  \\$aRecord amended for WR# 13/070
=CAT  \\$aBATCH-DCW$b00$c20140120$lBLL01$h0055
=CAT  \\$aWR14.046$c20140417$lBLL01$h1726
=CAT  \\$aWR13.144/5$c20140418$lBLL01$h1050
=CAT  \\$aBATCH-RIGH$c20170607$lBLL01$h1816
=CAT  \\$aR1706-1834$c20170629$lBLL01$h1227
=CAT  \\$a8250$b40$c20171219$lBLL01$h1148
=CAT  \\$a9572$b40$c20190128$lBLL01$h1557
=FIN  \\$aY$d20140120
=LKR  \\$aPAR$lBLL01$r776$b000988772$mEgo Imperatorskoe Velichestvo Gosudarʹ Imperator Nikolaĭ Aleksandrovich v di︠e︡ĭstvui︠u︡shcheĭ armīi /$nEgo Imperatorskoe Velichestvo Gosudarʹ Imperator Nikolaĭ Aleksandrovich v di︠e︡ĭstvui︠u︡shcheĭ armīi /
=DGM  \\$a000988772$bCatBridge variable field
=DRT  \\$aWW1
=SRC  \\$aWW1$bEuropeana_Collections_1914-1918_20131219
=OHC  \\$a1
=LAS  \\$a9572$b40$c20190128$lBLL01$h1557

