=LDR  01887 am a22005053  4500
=001  016606543
=003  Uk
=005  20200626183317.0
=007  cr\mn\024mpada
=008  880726|1917||||enk\\\\|s\\\\o|||\||eng\\
=FMT  \\$a  BK
=019  x\$a0963890301
=040  \\$aUk$cUk
=110  1\$aGreat Britain.$bAir Ministry.
=240  10$aMiscellaneous Publications
=245  10$a[Reports on particular types of Aero Engine. With amendments.]
=264  \1$aLondon,$c1917, etc.
=300  \\$c(folio & 8º)
=336  \\$atext$2rdacontent
=337  \\$acomputer$2rdamedia
=338  \\$aonline$2rdacarrier
=650  \0$aWorld War, 1914-1918$xTechnology
=655  \4$aOfficial document
=859  \\$aXLD$bWW1
=852  4\$aBritish Library$bHMNTS$cDRT$jDigital Store BS.2.b
=985  \\$aCorrected by MS generated file for WR# 12.037
=985  \\$aEnhanced by MS generated file for WR# 12/139
=985  \\$aEnhanced by MS generated file for WR# 13/021
=985  \\$aEnhanced by MS generated file for WR# 13/054
=985  \\$aCorrected by MS generated file for WR# 1805-0738
=CAT  \\$aBATCH-DCW$b00$c20140120$lBLL01$h0055
=CAT  \\$aBATCH-DCW$b00$c20140120$lBLL01$h0221
=CAT  \\$aWR14.046$c20140417$lBLL01$h1726
=CAT  \\$aWR13.144/5$c20140418$lBLL01$h1050
=CAT  \\$a1805-0738$c20181228$lBLL01$h1836
=CAT  \\$a1805-0738$b00$c20181228$lBLL01$h1920
=CAT  \\$aW2001-2376$c20200626$lBLL01$h1833
=FIN  \\$aY$d20140120
=LKR  \\$aPAR$lBLL01$r776$b001093053$m[Reports on particular types of Aero Engine. With amendments.]$n[Reports on particular types of Aero Engine. With amendments.]
=DGM  \\$a001093053$bCatBridge variable field
=DRT  \\$aWW1
=SRC  \\$aWW1$bEuropeana_Collections_1914-1918_20131219
=SRC  \\$aWW1$bEuropeana_Collections_1914-1918_20140113
=OHC  \\$a1
=LAS  \\$aW2001-2376$b00$c20200626$lBLL01$h1833

