=LDR  01947 am a22004933  4500
=001  016606544
=003  Uk
=005  20200626183317.0
=007  cr\mn\024mpada
=008  880726|1921||||enk\\\\|s\\\\o|||\||eng\\
=FMT  \\$a  BK
=019  x\$a0964420090
=040  \\$aUk$cUk
=110  1\$aGreat Britain.$bArmy.$bDivision, 2nd.
=245  14$aThe History of the Second Division, 1914-1918. By Everard Wyrall. [With plates and maps.]
=264  \1$aLondon :$bT. Nelson & Sons,$c[1921, 22]
=300  \\$a2 volumes (739 pages) ;$c(8º)
=336  \\$atext$2rdacontent
=337  \\$acomputer$2rdamedia
=338  \\$aonline$2rdacarrier
=650  \0$aRegimental histories
=655  \4$aBook
=700  1\$aWyrall, Everard,$d1878-1937.
=859  \\$aXLD$bWW1
=886  2\$2blmarc$a709$b00$aWYRALL$hEverard$p9084.bb.30.$x357077001X
=852  4\$aBritish Library$bHMNTS$cDRT$jDigital Store 9084.bb.30
=985  \\$aCorrected by BSS-generated file for WR# 08/145
=985  \\$aCorrected by MS generated file for WR# 11/211
=985  \\$aEnhanced by MS generated file for WR# 12/139
=985  \\$aCorrected by MS generated file for WR# 1805-0738
=CAT  \\$aBATCH-DCW$b00$c20140120$lBLL01$h0055
=CAT  \\$aWR14.046$c20140417$lBLL01$h1726
=CAT  \\$aWR13.144/5$c20140418$lBLL01$h1050
=CAT  \\$aBATCH-UPD$b00$c20150520$lBLL01$h1024
=CAT  \\$a1805-0738$c20181228$lBLL01$h1836
=CAT  \\$a1805-0738$b00$c20181228$lBLL01$h1920
=CAT  \\$aW2001-2376$c20200626$lBLL01$h1833
=FIN  \\$aY$d20140120
=LKR  \\$aPAR$lBLL01$r776$b001094743$mThe History of the Second Division, 1914-1918. By Everard Wyrall. [With plates and maps.]$nThe History of the Second Division, 1914-1918. By Everard Wyrall. [With plates and maps.]
=DGM  \\$a001094743$bCatBridge variable field
=DRT  \\$aWW1
=SRC  \\$aWW1$bEuropeana_Collections_1914-1918_20131219
=OHC  \\$a1
=LAS  \\$aW2001-2376$b00$c20200626$lBLL01$h1833

