=LDR  02198 am a22005413  4500
=001  016606545
=003  Uk
=005  20200626183317.0
=007  cr\mn\024mpada
=008  880726|1924||||enk\\\\|s\\\\o|||\||eng\\
=FMT  \\$a  BK
=019  x\$a0964440229
=040  \\$aUk$cUk
=110  1\$aGreat Britain.$bArmy.$bGuards Division.
=245  10$aHistory of the Guards Division in the Great War, 1915-1918. By Cuthbert Headlam. [With maps.]
=264  \1$aLondon :$bJohn Murray,$c1924.
=300  \\$aVolume 1 ;$c(8º)
=336  \\$atext$2rdacontent
=337  \\$acomputer$2rdamedia
=338  \\$aonline$2rdacarrier
=650  \0$aRegimental histories
=655  \4$aBook
=700  1\$aHeadlam, Cuthbert Morley,$d1876-1964.
=859  \\$aXLD$bWW1
=886  2\$2blmarc$a709$b00$aHEADLAM$eRight Hon. Sir$hCuthbert Morley$fBart.$p09083.d.50.$x1431100161
=852  4\$cDRT$jDigital Store 09083.d.50.$aBritish Library$bHMNTS
=985  \\$aCorrected by BSS-generated file for WR# 08/145
=985  \\$aCorrected by BSS-generated file for WR# 11/211
=985  \\$aEnhanced by MS generated file for WR# 12/139
=985  \\$aEnhanced by MS generated file for WR# 13/021
=985  \\$aEnhanced by MS generated file for WR# 13/054
=985  \\$aCorrected by MS generated file for WR# 1805-0738
=CAT  \\$aBATCH-DCW$b00$c20140120$lBLL01$h0055
=CAT  \\$aWR14.046$c20140417$lBLL01$h1726
=CAT  \\$aWR13.144/5$c20140418$lBLL01$h1050
=CAT  \\$a8250$b40$c20170208$lBLL01$h1417
=CAT  \\$aBATCH-RIGH$c20170607$lBLL01$h1816
=CAT  \\$aR1706-1834$c20170629$lBLL01$h1227
=CAT  \\$a1805-0738$c20181228$lBLL01$h1836
=CAT  \\$a1805-0738$b00$c20181228$lBLL01$h1920
=CAT  \\$aW2001-2376$c20200626$lBLL01$h1833
=FIN  \\$aY$d20140120
=LKR  \\$aPAR$lBLL01$r776$b001094805$mHistory of the Guards Division in the Great War, 1915-1918. By Cuthbert Headlam. [With maps.]$nHistory of the Guards Division in the Great War, 1915-1918. By Cuthbert Headlam. [With maps.]
=DGM  \\$a001094805$bCatBridge variable field
=DRT  \\$aWW1
=SRC  \\$aWW1$bEuropeana_Collections_1914-1918_20131219
=OHC  \\$a1
=LAS  \\$aW2001-2376$b00$c20200626$lBLL01$h1833

