=LDR  02080 am a22004933  4500
=001  016606546
=003  Uk
=005  20200626183317.0
=007  cr\mn\024mpada
=008  880718|1928||||enk\\\\|s\\\\o|||\||eng\\
=FMT  \\$a  BK
=019  x\$a0970100256
=040  \\$aUk$cUk
=110  1\$aGreat Britain.$bArmy.$bColdstream Guards.
=245  14$aThe Coldstream Guards, 1914-1918. By ... Sir John Ross-of-Bladensburg. [With a volume of maps, and with a portrait of the author.]
=264  \1$aLondon :$bOxford University Press,$c1928.
=300  \\$a3 volumes ;$c(8º)
=336  \\$atext$2rdacontent
=337  \\$acomputer$2rdamedia
=338  \\$aonline$2rdacarrier
=650  \0$aRegimental histories
=655  \4$aBook
=859  \\$aXLD$bWW1
=852  4\$cDRT$jDigital Store 09084.d.29.$aBritish Library$bHMNTS
=852  4\$cDRT$jDigital Store 09084.d.29.$aBritish Library$bHMNTS
=985  \\$aCorrected by BSS-generated file for WR# 08/145
=985  \\$aCorrected by BSS-generated file for WR# 11/211
=985  \\$aEnhanced by MS generated file for WR# 12/139
=985  \\$aCorrected by MS generated file for WR# 1805-0738
=CAT  \\$aBATCH-DCW$b00$c20140120$lBLL01$h0055
=CAT  \\$aWR14.046$c20140417$lBLL01$h1726
=CAT  \\$aWR13.144/5$c20140418$lBLL01$h1050
=CAT  \\$aBATCH-DCW$b00$c20151231$lBLL01$h1304
=CAT  \\$a1805-0738$c20181228$lBLL01$h1836
=CAT  \\$a1805-0738$b00$c20181228$lBLL01$h1920
=CAT  \\$aW2001-2376$c20200626$lBLL01$h1833
=FIN  \\$aY$d20140120
=LKR  \\$aPAR$lBLL01$r776$b001096585$mThe Coldstream Guards, 1914-1918. By ... Sir John Ross-of-Bladensburg. [With a volume of maps, and with a portrait of the author.]$nThe Coldstream Guards, 1914-1918. By ... Sir John Ross-of-Bladensburg. [With a volume of maps, and with a portrait of the author.]
=DGM  \\$a001096585$bCatBridge variable field
=DRT  \\$aWW1
=SRC  \\$aWW1$bEuropeana_Collections_1914-1918_20131219
=SRC  \\$aWW1$bEuropeana_Collections_1914-1918_20140508
=OHC  \\$a1
=LAS  \\$aW2001-2376$b00$c20200626$lBLL01$h1833

