=LDR  02031 am a22004813  4500
=001  016606547
=003  Uk
=005  20200626183317.0
=007  cr\mn\024mpada
=008  970624|1920||||enk\\\\|s\\\\o|||\||eng\\
=FMT  \\$a  BK
=019  x\$a0970110073
=040  \\$aUk$cUk
=110  1\$aGreat Britain.$bArmy.$bInfantry.$bRegiments.$bFoot Guards.$bFirst or Grenadier Regiment.
=245  14$aThe Grenadier Guards in the Great War of 1914-1918. By ... Sir Frederick Ponsonby, etc. [With plates and maps.]
=264  \1$aLondon :$bMacmillan & Co,$c1920.
=300  \\$a3 volumes ;$c(8º)
=336  \\$atext$2rdacontent
=337  \\$acomputer$2rdamedia
=338  \\$aonline$2rdacarrier
=650  \0$aRegimental histories
=655  \4$aBook
=700  1\$aPonsonby, Frederick,$d1867-1935.
=859  \\$aXLD$bWW1
=886  2\$2blmarc$a709$b00$aPONSONBY$hFrederick Edward Grey$fBaron Sysonby$p09082.bb.67.$x2623100012
=852  4\$cDRT$jDigital Store 09082.bb.67.$aBritish Library$bHMNTS
=985  \\$aCorrected by BSS-generated file for WR# 08/145
=985  \\$aCorrected by BSS-generated file for WR# 11/211
=985  \\$aEnhanced by MS generated file for WR# 12/139
=985  \\$aCorrected by MS generated file for WR# 1805-0738
=CAT  \\$aBATCH-DCW$b00$c20140120$lBLL01$h0055
=CAT  \\$aWR14.046$c20140417$lBLL01$h1726
=CAT  \\$aWR13.144/5$c20140418$lBLL01$h1050
=CAT  \\$a1805-0738$c20181228$lBLL01$h1836
=CAT  \\$a1805-0738$b00$c20181228$lBLL01$h1920
=CAT  \\$aW2001-2376$c20200626$lBLL01$h1833
=FIN  \\$aY$d20140120
=LKR  \\$aPAR$lBLL01$r776$b001096596$mThe Grenadier Guards in the Great War of 1914-1918. By ... Sir Frederick Ponsonby, etc. [With plates and maps.]$nThe Grenadier Guards in the Great War of 1914-1918. By ... Sir Frederick Ponsonby, etc. [With plates and maps.]
=DGM  \\$a001096596$bCatBridge variable field
=DRT  \\$aWW1
=SRC  \\$aWW1$bEuropeana_Collections_1914-1918_20131219
=OHC  \\$a2
=LAS  \\$aW2001-2376$b00$c20200626$lBLL01$h1833

