=LDR  02512 am a22005293  4500
=001  016606548
=003  Uk
=005  20200626183317.0
=007  cr\mn\024mpada
=008  880718|1923||||enk\\\\|s\\\\o|||\||eng\\
=FMT  \\$a  BK
=019  x\$a0970110189
=040  \\$aUk$cUk
=110  1\$aGreat Britain.$bArmy.$bInfantry.$bRegiments.$bFoot Guards.$bIrish Guards.
=245  14$aThe Irish Guards in the Great War. Edited and compiled ... by Rudyard Kipling. [With maps.]
=264  \1$aLondon :$bMacmillan & Co,$c1923.
=300  \\$a2 volumes ;$c(8º)
=336  \\$atext$2rdacontent
=337  \\$acomputer$2rdamedia
=338  \\$aonline$2rdacarrier
=650  \0$aRegimental histories
=655  \4$aBook
=700  1\$aKipling, Rudyard,$d1865-1936.$tSingle Works.
=775  0\$t[The Irish Guards in the Great War. Edited and compiled ... by Rudyard Kipling. [With maps.]]$w(Uk)MP1.0001152647.2$d2 vol. Doubleday, Page & Co.: Garden City, New York, 1923. 8º.
=859  \\$aXLD$bWW1
=886  2\$2blmarc$a709$b00$aKIPLING$hRudyard$tSingle Works$pFile498.$x1750330156$pFile505.$x1750330156$p09084.c.43.$x1750330156
=852  4\$aBritish Library$bHMNTS$cDRT$jDigital Store 09084.c.43
=985  \\$aCorrected by BSS-generated file for WR# 08/145
=985  \\$aCorrected by BSS-generated file for WR# 11/211
=985  \\$aDisaggregated record: Type B
=985  \\$aEnhanced by MS generated file for WR# 12/139
=985  \\$aCorrected by MS generated file for WR# 1805-0738
=CAT  \\$aBATCH-DCW$b00$c20140120$lBLL01$h0055
=CAT  \\$aWR14.046$c20140417$lBLL01$h1726
=CAT  \\$aWR13.144/5$c20140418$lBLL01$h1050
=CAT  \\$aBATCH-UPD$b00$c20150520$lBLL01$h1023
=CAT  \\$a1805-0738$c20181228$lBLL01$h1836
=CAT  \\$a1805-0738$b00$c20181228$lBLL01$h1920
=CAT  \\$aW2001-2376$c20200626$lBLL01$h1833
=FIN  \\$aY$d20140120
=LKR  \\$aPAR$b001096608$r775$mThe Irish Guards in the Great War. Edited and compiled ... by Rudyard Kipling. [With maps.]$n[The Irish Guards in the Great War. Edited and compiled ... by Rudyard Kipling. [With maps.]]
=LKR  \\$aPAR$lBLL01$r776$b001096607$mThe Irish Guards in the Great War. Edited and compiled ... by Rudyard Kipling. [With maps.]$nThe Irish Guards in the Great War. Edited and compiled ... by Rudyard Kipling. [With maps.]
=DGM  \\$a001096607$bCatBridge variable field
=DRT  \\$aWW1
=SRC  \\$aWW1$bEuropeana_Collections_1914-1918_20131219
=OHC  \\$a2
=LAS  \\$aW2001-2376$b00$c20200626$lBLL01$h1833

