=LDR  02079 as a2200553 a 4500
=001  016606549
=003  Uk
=005  20140120005513.0
=007  cr\mn\024mpada
=007  ta
=008  880718d191u191uua\uu\p\s\\\\o00\\a0eng\\
=FMT  \\$a  SE
=019  x\$a0970500165
=040  \\$aUk$cUk$dUk
=245  04$aThe Gnome.
=264  \1$aAbu-Qir :$b[Middle East Brigade]
=300  \\$av :$billustrations ;$c(4º)
=336  \\$atext$2rdacontent
=337  \\$acomputer$2rdamedia
=338  \\$aonline$2rdacarrier
=340  \\$m4to$2rdabf
=500  \\$aNew series began in 1916.
=500  \\$aThe organ of the Middle East Brigade, Royal Flying Corps.
=610  10$aGreat Britain.$bRoyal Flying Corps.$bMiddle East Brigade$vPeriodicals.
=650  \0$aSoldiers' writings, English$vPeriodicals.
=650  \0$aWorld War, 1914-1918$vHumor$vPeriodicals.
=650  \0$aWorld War, 1914-1918$vPeriodicals.
=650  \0$aWorld War, 1914-1918$xPropaganda.
=650  \0$aWorld War, 1914-1918$zEgypt$vPeriodicals.
=650  \0$aWorld War, 1914-1918$zMiddle East$vPeriodicals.
=655  \4$aTrench journal
=710  1\$aGreat Britain.$bRoyal Flying Corps.$bMiddle East Brigade.
=859  \\$aXLD$bWW1
=852  4\$cDRT$jDigital Store P.P.4039.wes.(1.)$aBritish Library$bHMNTS$3New ser., no. 1-
=985  \\$aCorrected by MS generated file for WR# 12.037
=985  \\$aHeadings: World War, 1914-1918 Propaganda; and Trench journal added globally for the Europeana Project.
=985  \\$aCorrected by MS generated file for WR# 1805-0738
=CAT  \\$aBATCH-DCW$b00$c20140120$lBLL01$h0055
=CAT  \\$aWR14.046$c20140417$lBLL01$h1726
=CAT  \\$aWR13.144/5$c20140418$lBLL01$h1050
=CAT  \\$a1805-0738$c20181228$lBLL01$h1836
=CAT  \\$a1805-0738$b00$c20181228$lBLL01$h1920
=FIN  \\$aY$d20140120
=LKR  \\$aPAR$lBLL01$r776$b001097549$mThe Gnome.$nThe Gnome.
=DGM  \\$a001097549$bCatBridge variable field
=DRT  \\$aWW1
=SRC  \\$aWW1$bEuropeana_Collections_1914-1918_20131219
=OHC  \\$a1
=LAS  \\$a1805-0738$b00$c20181228$lBLL01$h1920

