=LDR  02044 am a22005173  4500
=001  016606550
=003  Uk
=005  20200626183317.0
=007  cr\mn\024mpada
=008  880629s1926\\\\enk\\\\\s\\\\o|||\||eng\\
=FMT  \\$a  BK
=019  x\$a0990700283
=040  \\$aUk$cUk$dUk
=110  1\$aGreat Britain.$bWar Office.$bGeneral Staff.
=245  10$aMilitary Report on the Colony and Protectorate of the Gambia.
=264  \1$aLondon,$c1926.
=300  \\$a2 volumes :$bmaps ;$c(8º)
=336  \\$atext$2rdacontent
=337  \\$acomputer$2rdamedia
=338  \\$aonline$2rdacarrier
=650  \0$aMilitary geography$zGambia$vHandbooks, manuals, etc.
=651  \0$aGambia$xStrategic aspects$vHandbooks, manuals, etc.
=651  \0$aGreat Britain$xArmed Forces$vHandbooks, manuals, etc.
=859  \\$aXLD$bWW1
=852  4\$aBritish Library$bHMNTS$cDRT$jDigital Store B.S.45/241.(2.)
=985  \\$aCorrected by BSS-generated file for WR# 11/031
=985  \\$aCorrected by MS generated file for WR# 12.037
=985  \\$aEnhanced by MS generated file for WR# 12/139
=985  \\$aEnhanced by MS generated file for WR# 13/021
=985  \\$aEnhanced by MS generated file for WR# 13/054
=985  \\$aCorrected by MS generated file for WR# 1805-0738
=CAT  \\$aBATCH-DCW$b00$c20140120$lBLL01$h0055
=CAT  \\$aWR14.046$c20140417$lBLL01$h1726
=CAT  \\$aWR13.144/5$c20140418$lBLL01$h1050
=CAT  \\$a1805-0738$c20181228$lBLL01$h1836
=CAT  \\$a1805-0738$b00$c20181228$lBLL01$h1920
=CAT  \\$a8874$b40$c20190701$lBLL01$h0841
=CAT  \\$a8874$b40$c20190701$lBLL01$h0844
=CAT  \\$aW2001-2376$c20200626$lBLL01$h1833
=FIN  \\$aY$d20140120
=LKR  \\$aPAR$lBLL01$r776$b001121746$mMilitary Report on the Colony and Protectorate of the Gambia.$nMilitary Report on the Colony and Protectorate of the Gambia.
=DGM  \\$a001121736$bCatBridge variable field
=DRT  \\$aWW1
=SRC  \\$aWW1$bEuropeana_Collections_1914-1918_20131219
=OHC  \\$a1
=LAS  \\$aW2001-2376$b00$c20200626$lBLL01$h1833

