=LDR  02194 as a2200565 a 4500
=001  016606551
=003  Uk
=005  20140120005513.0
=007  cr\mn\024mpada
=007  ta
=008  890504d191819uuenkmr\p\s\\\\\00\\a0eng\\
=FMT  \\$a  SE
=019  x\$a1971610224
=040  \\$aUk$cUk$dUk
=110  2\$aBelgravia War Hospital Supply Depot.
=245  10$aMonthly record /$cBelgravia War Hospital Supply Depot.
=264  \1$aLondon :$bBelgravia War Hospital Supply Depot,$c1918-.
=300  \\$av :$billustrations ;$c(4º)
=336  \\$atext$2rdacontent
=337  \\$acomputer$2rdamedia
=338  \\$aonline$2rdacarrier
=340  \\$m4to$2rdabf
=610  20$aBelgravia War Hospital Supply Depot$vPeriodicals.
=650  \0$aWorld War, 1914-1918$xEconomic aspects.
=650  \0$aWorld War, 1914-1918$xEquipment and supplies.
=650  \0$aWorld War, 1914-1918$xHospitals$zGreat Britain.
=650  \0$aWorld War, 1914-1918$zGreat Britain$vPeriodicals.
=655  \4$aTrench journal
=859  \\$aXLD$bWW1
=852  4\$cDRT$jDigital Store P.P.4039.wfc.(1.)$aBritish Library$bHMNTS$3Vol. 1, no. 1 (Jan. 1918)-v. 1, no. 8 (March 1919)
=985  \\$a650 0{dollar}aWorld War, 1914-1918{dollar}x Economic aspects -- European Project LCSH.
=985  \\$aCorrected by MS generated file for WR# 12.037
=985  \\$aEnhanced by MS generated file for WR# 12/139
=985  \\$aEnhanced by MS generated file for WR# 13/021
=985  \\$aEnhanced by MS generated file for WR# 13/054
=985  \\$aCorrected by MS generated file for WR# 1805-0738
=CAT  \\$aBATCH-DCW$b00$c20140120$lBLL01$h0055
=CAT  \\$aWR14.046$c20140417$lBLL01$h1726
=CAT  \\$aWR13.144/5$c20140418$lBLL01$h1050
=CAT  \\$aBATCH-RIGH$c20170607$lBLL01$h1816
=CAT  \\$aR1706-1834$c20170629$lBLL01$h1227
=CAT  \\$a1805-0738$c20181228$lBLL01$h1836
=CAT  \\$a1805-0738$b00$c20181228$lBLL01$h1920
=FIN  \\$aY$d20140120
=LKR  \\$aPAR$lBLL01$r776$b002220593$mMonthly record /$nMonthly record /
=DGM  \\$a002220593$bCatBridge variable field
=DRT  \\$aWW1
=SRC  \\$aWW1$bEuropeana_Collections_1914-1918_20131219
=OHC  \\$a1
=LAS  \\$a1805-0738$b00$c20181228$lBLL01$h1920

