=LDR  02007 am a22005053  4500
=001  016606552
=003  Uk
=005  20200626183317.0
=007  cr\mn\024mpada
=008  980729|1921||||enk\\\\|s\\\\\|||\||eng\\
=FMT  \\$a  BK
=019  x\$a1990120016
=040  \\$aUk$cUk
=245  04$aThe Empire at War. Edited for the Royal Colonial Institute by Sir Charles Lucas. [With plates and maps.]
=264  \1$aLondon,$c1921, 1926.
=300  \\$c(8º)
=336  \\$atext$2rdacontent
=337  \\$acomputer$2rdamedia
=338  \\$aonline$2rdacarrier
=650  \0$aWorld War, 1914-1918$zGreat Britain.
=655  \4$aBook
=700  1\$aLucas, Charles Prestwood,$cSir,$d1853-1931.
=710  2\$aRoyal Colonial Institute (Great Britain)
=859  \\$aXLD$bWW1
=852  4\$cDRT$jDigital Store 09081.d.3.$aBritish Library$bHMNTS
=985  \\$aCorrected by MS generated file for WR# 11/211
=985  \\$aEnhanced by MS generated file for WR# 12/139
=985  \\$aCorrected by MS generated file for WR# 1805-0738
=CAT  \\$aBATCH-DCW$b00$c20140120$lBLL01$h0055
=CAT  \\$aBATCH-DCW$b00$c20140120$lBLL01$h0113
=CAT  \\$aWR14.046$c20140417$lBLL01$h1726
=CAT  \\$aWR13.144/5$c20140418$lBLL01$h1050
=CAT  \\$aBATCH-RIGH$c20170607$lBLL01$h1816
=CAT  \\$aR1706-1834$c20170629$lBLL01$h1227
=CAT  \\$a1805-0738$c20181228$lBLL01$h1836
=CAT  \\$a1805-0738$b00$c20181228$lBLL01$h1920
=CAT  \\$aW2001-2376$c20200626$lBLL01$h1833
=FIN  \\$aY$d20140120
=LKR  \\$aPAR$lBLL01$r776$b002242018$mThe Empire at War. Edited for the Royal Colonial Institute by Sir Charles Lucas. [With plates and maps.]$nThe Empire at War. Edited for the Royal Colonial Institute by Sir Charles Lucas. [With plates and maps.]
=DGM  \\$a002242018$bCatBridge variable field
=DRT  \\$aWW1
=SRC  \\$aWW1$bEuropeana_Collections_1914-1918_20131219
=SRC  \\$aWW1$bEuropeana_Collections_1914-1918_20131220
=OHC  \\$a1
=LAS  \\$aW2001-2376$b00$c20200626$lBLL01$h1833

