=LDR  02767 am a22005293  4500
=001  016606554
=003  Uk
=005  20200626183318.0
=007  cr\mn\024mpada
=008  880718|1936||||enk\\\\|s\\\\o|||\||eng\\
=FMT  \\$a  BK
=019  x\$a0970310145
=040  \\$aUk$cUk
=110  1\$aGreat Britain.$bArmy.$bInfantry.$bRegiments.$bRifle Brigade.
=245  10$aList of Officers and Other Ranks of the Rifle Brigade awarded decorations, or mentioned in despatches, for services during the Great War. Compiled by ... T. R. Eastwood ... and ... H. G. Parkyn ... Appendix [to] The History of the Rifle Brigade in the War of 1914-1918.
=264  \1$aLondon :$bRifle Brigade Club,$c1936.
=300  \\$a105 pages ;$c(4º)
=336  \\$atext$2rdacontent
=337  \\$acomputer$2rdamedia
=338  \\$aonline$2rdacarrier
=650  \0$aRegimental histories
=655  \4$aOfficial document
=700  1\$aEASTWOOD, Thomas Ralph,$cSir,$cKCB and PARKYN (Harry Gordon)
=700  1\$aPARKYN, Harry Gordon.
=859  \\$aXLD$bWW1
=886  2\$2blmarc$a709$b00$aEASTWOOD$eSir$hThomas Ralph$fKCB and PARKYN (Harry Gordon)$p9087.b.7.$x0910970076
=886  2\$2blmarc$a709$b00$aPARKYN$hHarry Gordon$p9087.b.7.$x2480850080
=852  4\$cDRT$jDigital Store 9086.aa.17.$aBritish Library$bHMNTS
=985  \\$aCorrected by BSS-generated file for WR# 08/145
=985  \\$aCorrected by BSS-generated file for WR# 11/048
=985  \\$aEnhanced by MS generated file for WR# 12/139
=985  \\$aEnhanced by MS generated file for WR# 13/021
=985  \\$aEnhanced by MS generated file for WR# 13/054
=985  \\$aCorrected by MS generated file for WR# 1805-0738
=CAT  \\$aBATCH-DCW$b00$c20140120$lBLL01$h0110
=CAT  \\$aWR14.046$c20140417$lBLL01$h1726
=CAT  \\$aWR13.144/5$c20140418$lBLL01$h1050
=CAT  \\$a1805-0738$c20181228$lBLL01$h1836
=CAT  \\$a1805-0738$b00$c20181228$lBLL01$h1920
=CAT  \\$aW2001-2376$c20200626$lBLL01$h1833
=FIN  \\$aY$d20140120
=LKR  \\$aPAR$lBLL01$r776$b001097087$mList of Officers and Other Ranks of the Rifle Brigade awarded decorations, or mentioned in despatches, for services during the Great War. Compiled by ... T. R. Eastwood ... and ... H. G. Parkyn ... Appendix [to] The History of the Rifle Brigade in the War of 1914-1918.$nList of Officers and Other Ranks of the Rifle Brigade awarded decorations, or mentioned in despatches, for services during the Great War. Compiled by ... T. R. Eastwood ... and ... H. G. Parkyn ... Appendix [to] The History of the Rifle Brigade in the War of 1914-1918.
=DGM  \\$a001097087$bCatBridge variable field
=DRT  \\$aWW1
=SRC  \\$aWW1$bEuropeana_Collections_1914-1918_20131220
=OHC  \\$a1
=LAS  \\$aW2001-2376$b00$c20200626$lBLL01$h1833

