=LDR  01781 am a22005053  4500
=001  016606555
=003  Uk
=005  20151007101513.0
=007  cr\mn\024mpada
=008  950511s1914\\\\enk\\\\|s\\\\||||\||eng\\
=FMT  \\$a  BK
=019  x\$a0164970002
=040  \\$aUk$cUk
=100  10$aBaker, B. Granville$q(Bernard Granville),$d1870-1957.
=245  14$aThe German army from within /$cBy a British Officer who has served in it.
=260  \\$aLondon :$bHodder and Stoughton,$c1914.
=300  \\$a192 p. ;$c19 cm.
=336  \\$atext$2rdacontent
=337  \\$acomputer$2rdamedia
=338  \\$aonline$2rdacarrier
=500  \\$aBy Bernard Granville Baker, edited by Thomas Burke.
=610  10$aGermany.$bHeer.
=651  \0$aGermany.
=650  \0$aWorld War, 1914-1918.
=655  \4$aBook
=700  1\$aBurke, Thomas,$d1886-1945.
=859  \\$aXLD$bWW1
=852  4\$cDRT$jDigital Store 08821.a.32.$aBritish Library$bHMNTS
=985  \\$aCorrected by BSS-generated file for WR# 10/172
=985  \\$aCorrected by MS generated file for WR# 12.037
=CAT  \\$aBATCH-DCW$b00$c20140120$lBLL01$h0124
=CAT  \\$aWR14.046$c20140417$lBLL01$h1726
=CAT  \\$aWR13.144/5$c20140418$lBLL01$h1050
=CAT  \\$aBATCH-UPD$b00$c20150520$lBLL01$h1028
=CAT  \\$a8874$b40$c20151007$lBLL01$h1013
=CAT  \\$a8874$b40$c20151007$lBLL01$h1015
=CAT  \\$aBATCH-RIGH$c20170607$lBLL01$h1816
=CAT  \\$aR1706-1834$c20170629$lBLL01$h1227
=FIN  \\$aY$d20140120
=LKR  \\$aPAR$lBLL01$r776$b000174878$mThe German army from within /$nThe German army from within /
=DGM  \\$a000174878$bCatBridge variable field
=DRT  \\$aWW1
=SRC  \\$aWW1$bEuropeana_Collections_1914-1918_20140108
=OHC  \\$a1
=LAS  \\$aR1706-1834$b00$c20170629$lBLL01$h1227

