=LDR  01956 am a22005173  4500
=001  016606556
=003  Uk
=005  20200626183318.0
=007  cr\mn\024mpada
=008  890201s1917\\\\sz\\\\\|s\\\\\|||\||ger\\
=FMT  \\$a  BK
=019  x\$a1840280182
=040  \\$aUk$cUk
=100  1\$aLangenhove, Fernand van,$d1889-1982.
=240  10$aComment naît un cycle de légendes.$lGerman.
=245  10$aWie Legenden entstehen!$bFranktireur-Krieg and Greueltaten in Belgien.
=264  \1$aZürich :$bOrell Füssli,$c1917.
=300  \\$a247 pages ;$c(8º)
=336  \\$atext$2rdacontent
=337  \\$acomputer$2rdamedia
=338  \\$aonline$2rdacarrier
=650  \0$aWorld War, 1914-1918$xAtrocities
=650  \0$aWorld War, 1914-1918$xAtrocities.
=650  \0$aWorld War, 1914-1918$xPropaganda
=655  \4$aBook
=859  \\$aXLD$bWW1
=852  4\$cDRT$jDigital Store 09082.b.39.$aBritish Library$bHMNTS
=985  \\$aCorrected by MS generated file for WR# 12.037
=985  \\$aCorrected by MS generated file for WR# 1805-0738
=CAT  \\$aBATCH-DCW$b00$c20140120$lBLL01$h0124
=CAT  \\$aWR14.046$c20140417$lBLL01$h1726
=CAT  \\$aWR13.144/5$c20140418$lBLL01$h1050
=CAT  \\$aBATCH-UPD$b00$c20150520$lBLL01$h1025
=CAT  \\$aBATCH-RIGH$c20170607$lBLL01$h1816
=CAT  \\$aR1706-1834$c20170629$lBLL01$h1227
=CAT  \\$a1805-0738$c20181228$lBLL01$h1836
=CAT  \\$a1805-0738$b00$c20181228$lBLL01$h1920
=CAT  \\$aBATCH-UPD$b00$c20191208$lBLL01$h2106
=CAT  \\$aW2001-2376$c20200626$lBLL01$h1833
=FIN  \\$aY$d20140120
=LKR  \\$aPAR$lBLL01$r776$b002070839$mWie Legenden entstehen! Franktireur-Krieg and Greueltaten in Belgien.$nWie Legenden entstehen! Franktireur-Krieg and Greueltaten in Belgien.
=DGM  \\$a002070839$bCatBridge variable field
=DRT  \\$aWW1
=SRC  \\$aWW1$bEuropeana_Collections_1914-1918_20140108
=OHC  \\$a1
=LAS  \\$aW2001-2376$b00$c20200626$lBLL01$h1833

