=LDR  02040 am a22005293  4500
=001  016606557
=003  Uk
=005  20200626183318.0
=007  cr\mn\024mpada
=008  891122s1919\\\\enka\\\|s\\\\\|||\||eng\\
=FMT  \\$a  BK
=019  x\$a2641860074
=040  \\$aUk$cUk
=100  1\$aPowell, Joseph,$cCaptain of Ruhleben Camp.
=245  14$aThe History of Ruhleben :$ba record of British organisation in a prison camp in Germany.
=264  \1$aLondon :$bW. Collins Sons & Co,$c[1919]
=300  \\$axiv, 246 pages :$billustrations ;$c(8º)
=336  \\$atext$2rdacontent
=337  \\$acomputer$2rdamedia
=338  \\$aonline$2rdacarrier
=610  20$aRuhleben (Concentration camp)
=650  \0$aPrisoners of war$xBritish
=650  \0$aPrisoners of war$zGermany
=650  \0$aPrisoners of war.
=650  \0$aWorld War, 1914-1918$xPrisoners and prisons
=650  \0$aWorld War, 1914-1918.
=655  \4$aBook
=700  1\$aGribble, Francis Henry,$d1862-1946.
=859  \\$aXLD$bWW1
=852  4\$cDRT$jDigital Store 9082.bbb.36.$aBritish Library$bHMNTS
=985  \\$aCorrected by MS generated file for WR# 12.037
=985  \\$aCorrected by MS generated file for WR# 1805-0738
=CAT  \\$aBATCH-DCW$b00$c20140120$lBLL01$h0124
=CAT  \\$aWR14.046$c20140417$lBLL01$h1726
=CAT  \\$aWR13.144/5$c20140418$lBLL01$h1050
=CAT  \\$aBATCH-RIGH$c20170607$lBLL01$h1816
=CAT  \\$aR1706-1834$c20170629$lBLL01$h1227
=CAT  \\$a1805-0738$c20181228$lBLL01$h1836
=CAT  \\$a1805-0738$b00$c20181228$lBLL01$h1920
=CAT  \\$aW2001-2376$c20200626$lBLL01$h1833
=FIN  \\$aY$d20140120
=LKR  \\$aPAR$lBLL01$r776$b002973563$mThe History of Ruhleben : a record of British organisation in a prison camp in Germany.$nThe History of Ruhleben : a record of British organisation in a prison camp in Germany.
=DGM  \\$a002973563$bCatBridge variable field
=DRT  \\$aWW1
=SRC  \\$aWW1$bEuropeana_Collections_1914-1918_20140108
=OHC  \\$a1
=LAS  \\$aW2001-2376$b00$c20200626$lBLL01$h1833

