=LDR  02628 as a2200685 a 4500
=001  016606558
=003  Uk
=005  20200320150627.0
=007  cr\mn\024mpada
=007  ta
=008  880509d19171918enkuu\p\s\\\\\00\\a0eng\\
=FMT  \\$a  SE
=019  c\$a2261549
=019  x\$a0644420022
=040  \\$aUk$cUk$dUk
=245  00$aL.Z.
=264  \1$aCoal Aston :$bGerman Prison-Camp,$c1917-1918.
=300  \\$av ;$c(folio)
=336  \\$atext$2rdacontent
=337  \\$acomputer$2rdamedia
=338  \\$aonline$2rdacarrier
=340  \\$mfolio$2rdabf
=362  0\$aNo. 1 (20 Apr. 1917)-no. 251 (24 Jan. 1918)
=500  \\$aCyclostyled.
=500  \\$aThe magazine of the German prison-camp at Coal Aston.
=515  \\$aNumbers 234, 238 and 243 are misnumbered as 204, 239 and 245, respectively.
=540  \\$aCurrent Copyright Fee: GBP12.30$c0$5Uk
=650  \0$aWorld War, 1914-1918$xPropaganda.
=655  \4$aTrench journal
=710  2\$aPrisoner of war camp (Coal Aston, England)
=859  \\$aXLD$bWW1
=852  4\$aBritish Library$bHMNTS$cDRT$jDigital Store P.P.4039.wuf.$3No. 1 (20 Apr. 1917)-no. 251 (24 Jan. 1918) ; Deficient: no. 10, 13, 14
=945  \\$aLZ -COALASTON-.
=963  \\$aJG. 1//NO. 1, 1917- 1//251, 1917 *A=1$bN$cWRA.524
=979  \\$aBritish Library$bDSC$j5312.530000N
=985  \\$aCorrected by MS generated file for WR# 12.037
=985  \\$aEnhanced by MS generated file for WR# 13/021
=985  \\$aEnhanced by MS generated file for WR# 13/054
=985  \\$aHeadings: World War, 1914-1918, Propaganda, and Trench journal added globally for the Europeana Project.
=985  \\$aCorrected by MS generated file for WR# 1805-0738
=CAT  \\$aBATCH-DCW$b00$c20140120$lBLL01$h0124
=CAT  \\$aBATCH-DCW$b00$c20140120$lBLL01$h1108
=CAT  \\$aBATCH-DCW$b00$c20140120$lBLL01$h1804
=CAT  \\$aWR14.046$c20140417$lBLL01$h1726
=CAT  \\$aWR13.144/5$c20140418$lBLL01$h1050
=CAT  \\$aBATCH-RIGH$c20170607$lBLL01$h1816
=CAT  \\$aR1706-1834$c20170629$lBLL01$h1227
=CAT  \\$a1805-0738$c20181228$lBLL01$h1836
=CAT  \\$a1805-0738$b00$c20181228$lBLL01$h1920
=CAT  \\$a6550$b40$c20200320$lBLL01$h1448
=CAT  \\$a6550$b40$c20200320$lBLL01$h1506
=FIN  \\$aY$d20140120
=LKR  \\$aPAR$lBLL01$r776$b000729504$mL.Z.$nL.Z.
=DGM  \\$a000729504$bCatBridge variable field
=DRT  \\$aWW1
=SRC  \\$aWW1$bEuropeana_Collections_1914-1918_20140108
=SRC  \\$aWW1$bEuropeana_Collections_1914-1918_20140117
=SRC  \\$aWW1$bEuropeana_Collections_1914-1918_20140120
=OHC  \\$a1
=LAS  \\$a6550$b40$c20200320$lBLL01$h1506

