=LDR  02037 am a22004933  4500
=001  016606561
=003  Uk
=005  20200626183318.0
=007  cr\mn\024mpada
=008  880726s1921\\\\gw\a\\\|s\\\\\|||\||ger\\
=FMT  \\$a  BK
=019  x\$a0360850251
=040  \\$aUk$cUk
=100  1\$aBogenstätter, Ludwig.
=245  14$aDie Welt hinter Stacheldraht :$beine Chronik des englischen Kriegsgefangenenlagers Handforth bei Manchester /$cvon L. Bogenstätter und H. Zimmermann.
=264  \1$aMünchen :$bPiloty & Loehle,$c1921.
=300  \\$avii, 252 pages :$billustrations ;$c(8º)
=336  \\$atext$2rdacontent
=337  \\$acomputer$2rdamedia
=338  \\$aonline$2rdacarrier
=650  \0$aPrisoners of war$zEngland$zHandforth
=650  \0$aWorld War, 1914-1918$xPrisoners and prisons, British
=650  \0$aWorld War, 1914-1918$zGreat Britain.
=655  \4$aBook
=700  1\$aZimmermann, Heinrich,$cof Falkenhain.
=859  \\$aXLD$bWW1
=852  4\$cDRT$jDigital Store 9084.bb.16.$aBritish Library$bHMNTS
=985  \\$aCorrected by MS generated file for WR# 12.037
=985  \\$aCorrected by MS generated file for WR# 1805-0738
=CAT  \\$aBATCH-DCW$b00$c20140120$lBLL01$h0137
=CAT  \\$aWR14.046$c20140417$lBLL01$h1726
=CAT  \\$aWR13.144/5$c20140418$lBLL01$h1050
=CAT  \\$aBATCH-RIGH$c20170607$lBLL01$h1816
=CAT  \\$aR1706-1834$c20170629$lBLL01$h1227
=CAT  \\$a1805-0738$c20181228$lBLL01$h1836
=CAT  \\$a1805-0738$b00$c20181228$lBLL01$h1920
=CAT  \\$aW2001-2376$c20200626$lBLL01$h1833
=FIN  \\$aY$d20140120
=LKR  \\$aPAR$lBLL01$r776$b000393946$mDie Welt hinter Stacheldraht : eine Chronik des englischen Kriegsgefangenenlagers Handforth bei Manchester /$nDie Welt hinter Stacheldraht : eine Chronik des englischen Kriegsgefangenenlagers Handforth bei Manchester /
=DGM  \\$a000393946$bCatBridge variable field
=DRT  \\$aWW1
=SRC  \\$aWW1$bEuropeana_Collections_1914-1918_20140109
=OHC  \\$a1
=LAS  \\$aW2001-2376$b00$c20200626$lBLL01$h1833

