=LDR  02043 am a22005053  4500
=001  016606564
=003  Uk
=005  20200626183318.0
=007  cr\mn\024mpada
=008  941116|1922||||enk\\\\|s\\\\o|||\||eng\\
=FMT  \\$a  BK
=019  x\$a0964650142
=040  \\$aUk$cUk
=100  1\$aGrant, D. F.,$d1891-1969.
=245  14$aThe History of 'A' Battery, 84th Army Brigade, Royal Field Artillery, 1914-1919. By D. F. Grant.
=264  \1$aLondon :$bMarshall Bros,$c[1922]
=300  \\$a95 pages ;$c(8º)
=336  \\$atext$2rdacontent
=337  \\$acomputer$2rdamedia
=338  \\$aonline$2rdacarrier
=610  10$aGreat Britain.$bArmy.$bRoyal Field Artillery.$bBrigade, 84th.$bBattery, A.
=650  \0$aRegimental histories
=655  \4$aBook
=859  \\$aXLD$bWW1
=886  2\$2blmarc$a709$b00$aGRANT$hDonald Farquharson$p09083.a.113.$x1303960079
=852  4\$cDRT$jDigital Store 09083.a.113.$aBritish Library$bHMNTS
=985  \\$aCorrected by BSS-generated file for WR# 08/145
=985  \\$aCorrected by BSS-generated file for WR# 11/160
=985  \\$aEnhanced by MS generated file for WR# 12/139
=985  \\$aCorrected by MS generated file for WR# 1805-0738
=CAT  \\$aBATCH-DCW$b00$c20140120$lBLL01$h0137
=CAT  \\$aWR14.046$c20140417$lBLL01$h1726
=CAT  \\$aWR13.144/5$c20140418$lBLL01$h1050
=CAT  \\$aBATCH-RIGH$c20170607$lBLL01$h1816
=CAT  \\$aR1706-1834$c20170629$lBLL01$h1227
=CAT  \\$a1805-0738$c20181228$lBLL01$h1836
=CAT  \\$a1805-0738$b00$c20181228$lBLL01$h1920
=CAT  \\$aW2001-2376$c20200626$lBLL01$h1833
=FIN  \\$aY$d20140120
=LKR  \\$aPAR$lBLL01$r776$b001095571$mThe History of 'A' Battery, 84th Army Brigade, Royal Field Artillery, 1914-1919. By D. F. Grant.$nThe History of 'A' Battery, 84th Army Brigade, Royal Field Artillery, 1914-1919. By D. F. Grant.
=DGM  \\$a001095571$bCatBridge variable field
=DRT  \\$aWW1
=SRC  \\$aWW1$bEuropeana_Collections_1914-1918_20140109
=OHC  \\$a1
=LAS  \\$aW2001-2376$b00$c20200626$lBLL01$h1833

