=LDR  01968 am a22005053  4500
=001  016606565
=003  Uk
=005  20200626183318.0
=007  cr\mn\024mpada
=008  880629|1917||||enk\\\\|s\\\\o|||\||eng\\
=FMT  \\$a  BK
=019  x\$a0990640248
=040  \\$aUk$cUk
=110  1\$aGreat Britain.$bWar Office.
=245  10$aReport on the Propaganda Library [by Sir Peter Chalmers Mitchell].
=264  \1$a[London],$c1917.
=300  \\$aii, 49, 81, 15 pages ;$c(8º)
=336  \\$atext$2rdacontent
=337  \\$acomputer$2rdamedia
=338  \\$aonline$2rdacarrier
=650  \0$aWorld War, 1914-1918$xPropaganda
=655  \4$aOfficial document
=700  1\$aMitchell, P. Chalmers$q(Peter Chalmers),$cSir,$d1864-1945.
=859  \\$aXLD$bWW1
=886  2\$2blmarc$a709$b00$aMITCHELL$eSir$hPeter Chalmers$pB.S.45/202.$x2231910306
=852  4\$cDRT$jDigital Store B.S.45/202.$aBritish Library$bHMNTS
=985  \\$aCorrected by MS generated file for WR# 12.037
=985  \\$aEnhanced by MS generated file for WR# 12/139
=985  \\$aEnhanced by MS generated file for WR# 13/021
=985  \\$aEnhanced by MS generated file for WR# 13/054
=985  \\$aCorrected by MS generated file for WR# 1805-0738
=CAT  \\$aBATCH-DCW$b00$c20140120$lBLL01$h0137
=CAT  \\$aWR14.046$c20140417$lBLL01$h1726
=CAT  \\$aWR13.144/5$c20140418$lBLL01$h1050
=CAT  \\$a1805-0738$c20181228$lBLL01$h1836
=CAT  \\$a1805-0738$b00$c20181228$lBLL01$h1920
=CAT  \\$a5100$b40$c20200213$lBLL01$h1411
=CAT  \\$aW2001-2376$c20200626$lBLL01$h1833
=FIN  \\$aY$d20140120
=LKR  \\$aPAR$lBLL01$r776$b001121547$mReport on the Propaganda Library [by Sir Peter Chalmers Mitchell].$nReport on the Propaganda Library [by Sir Peter Chalmers Mitchell].
=DGM  \\$a001121547$bCatBridge variable field
=DRT  \\$aWW1
=SRC  \\$aWW1$bEuropeana_Collections_1914-1918_20140109
=OHC  \\$a1
=LAS  \\$aW2001-2376$b00$c20200626$lBLL01$h1833

