=LDR  01772 am a22004813  4500
=001  016606566
=003  Uk
=005  20200626183318.0
=007  cr\mn\024mpada
=008  880908s1920\\\\gw\\\\\|s\\\\\|||\||ger\\
=FMT  \\$a  BK
=019  x\$a1420760076
=040  \\$aUk$cUk
=100  0\$aHaupt, Julius.
=245  14$aDie Deutsche Insel :$bein Gedenkbuch kriegsgefangener Offiziere /$chrg. von Lt. d. R. Haupt.
=264  \1$aMünchen :$bLehmkuhl,$c[1920]
=300  \\$a113 pages :$billustrations ;$c(8º)
=336  \\$atext$2rdacontent
=337  \\$acomputer$2rdamedia
=338  \\$aonline$2rdacarrier
=650  \0$aPrisoners of war.
=650  \0$aWorld War, 1914-1918$xPrisoners and prisons
=650  \0$aWorld War, 1914-1918.
=655  \4$aBook
=859  \\$aXLD$bWW1
=852  4\$cDRT$jDigital Store 9084.cc.2.$aBritish Library$bHMNTS
=985  \\$aCorrected by MS generated file for WR# 12.037
=985  \\$aCorrected by MS generated file for WR# 1805-0738
=CAT  \\$aBATCH-DCW$b00$c20140120$lBLL01$h0137
=CAT  \\$aWR14.046$c20140417$lBLL01$h1726
=CAT  \\$aWR13.144/5$c20140418$lBLL01$h1050
=CAT  \\$aBATCH-RIGH$c20170607$lBLL01$h1816
=CAT  \\$aR1706-1834$c20170629$lBLL01$h1227
=CAT  \\$a1805-0738$c20181228$lBLL01$h1836
=CAT  \\$a1805-0738$b00$c20181228$lBLL01$h1920
=CAT  \\$aW2001-2376$c20200626$lBLL01$h1833
=FIN  \\$aY$d20140120
=LKR  \\$aPAR$lBLL01$r776$b001617529$mDie Deutsche Insel : ein Gedenkbuch kriegsgefangener Offiziere /$nDie Deutsche Insel : ein Gedenkbuch kriegsgefangener Offiziere /
=DGM  \\$a001617529$bCatBridge variable field
=DRT  \\$aWW1
=SRC  \\$aWW1$bEuropeana_Collections_1914-1918_20140109
=OHC  \\$a1
=LAS  \\$aW2001-2376$b00$c20200626$lBLL01$h1833

