=LDR  01769 am a22004813  4500
=001  016606567
=003  Uk
=005  20200626183318.0
=007  cr\mn\024mpada
=008  881212|1918||||enk\\\\|s\\\\\|||\||eng\\
=FMT  \\$a  BK
=019  x\$a1543620035
=040  \\$aUk$cUk
=100  1\$aFord, Ford Madox,$d1873-1939.
=245  10$aOn heaven, and poems written on active service.
=264  \1$aLondon ;$aNew York :$bJohn Lane,$c1918.
=300  \\$a128 pages ;$c(8º)
=336  \\$atext$2rdacontent
=337  \\$acomputer$2rdamedia
=338  \\$aonline$2rdacarrier
=650  \0$aWorld War, 1914-1918$xLiterature and the war.
=655  \4$aBook
=859  \\$aXLD$bWW1
=852  4\$cDRT$jDigital Store 011648.ee.78.$aBritish Library$bHMNTS
=985  \\$aCorrected by MS generated file for WR# 12.037
=985  \\$aEnhanced by MS generated file for WR# 12/139
=985  \\$aEnhanced by MS generated file for WR# 13/021
=985  \\$aEnhanced by MS generated file for WR# 13/054
=985  \\$aCorrected by MS generated file for WR# 1805-0738
=CAT  \\$aBATCH-DCW$b00$c20140120$lBLL01$h0137
=CAT  \\$aWR14.046$c20140417$lBLL01$h1726
=CAT  \\$aWR13.144/5$c20140418$lBLL01$h1050
=CAT  \\$aBATCH-UPD$b00$c20150520$lBLL01$h1024
=CAT  \\$a1805-0738$c20181228$lBLL01$h1836
=CAT  \\$a1805-0738$b00$c20181228$lBLL01$h1920
=CAT  \\$aW2001-2376$c20200626$lBLL01$h1833
=FIN  \\$aY$d20140120
=LKR  \\$aPAR$lBLL01$r776$b001756339$mOn heaven, and poems written on active service.$nOn heaven, and poems written on active service.
=DGM  \\$a001756339$bCatBridge variable field
=DRT  \\$aWW1
=SRC  \\$aWW1$bEuropeana_Collections_1914-1918_20140109
=OHC  \\$a1
=LAS  \\$aW2001-2376$b00$c20200626$lBLL01$h1833

