=LDR  02230 am a22005413  4500
=001  016606568
=003  Uk
=005  20200626183318.0
=007  cr\mn\024mpada
=008  921113s1915\\\\enkab\\|s\\\\\00|\0\eng\\
=FMT  \\$a  BK
=019  x\$a2020480247
=040  \\$aUk$cUk
=100  1\$aLucas, E. V.$q(Edward Verrall),$d1868-1938.
=245  10$aIn gentlest Germany /$cby Hun Svedend ; translated from the Svengalese by E.V. Lucas ; with 45 illustrations and 1 map by George Morrow.
=264  \1$aLondon :$bJohn Lane,$c1915.
=300  \\$axiv, 109 pages :$b45 illustrations, map ;$c(8º)
=336  \\$atext$2rdacontent
=337  \\$acomputer$2rdamedia
=338  \\$aonline$2rdacarrier
=500  \\$aA skit on "Från fronten i väster" ("With the German armies in the West") by Sven Hedin.
=650  \0$aGermany.
=650  \0$aWorld War, 1914-1918.
=655  \4$aBook
=700  1\$aHedin, Sven Anders,$d1865-1952.$tFrån fronten i väster, September-November 1914.
=700  1\$aMorrow, George,$d1869-1955.
=859  \\$aXLD$bWW1
=886  2\$2blmarc$a709$b00$aHEDIN$hSven Anders$fAsiatic Explorer$tFrån fronten i väster, September-November 1914$p012331.g.97.$x143327034X
=886  2\$2blmarc$a709$b00$aMORROW$hGeorge$p012331.g.97.$x2273570139
=852  4\$cDRT$jDigital Store 012331.g.97.$aBritish Library$bHMNTS
=985  \\$aCorrected by MS generated file for WR# 12.037
=985  \\$aCorrected by MS generated file for WR# 1805-0738
=CAT  \\$aBATCH-DCW$b00$c20140120$lBLL01$h0137
=CAT  \\$aWR14.046$c20140417$lBLL01$h1726
=CAT  \\$aWR13.144/5$c20140418$lBLL01$h1050
=CAT  \\$aBATCH-UPD$b00$c20150520$lBLL01$h1028
=CAT  \\$aBATCH-RIGH$c20170607$lBLL01$h1816
=CAT  \\$aR1706-1834$c20170629$lBLL01$h1227
=CAT  \\$a1805-0738$c20181228$lBLL01$h1836
=CAT  \\$a1805-0738$b00$c20181228$lBLL01$h1920
=CAT  \\$aW2001-2376$c20200626$lBLL01$h1833
=FIN  \\$aY$d20140120
=LKR  \\$aPAR$lBLL01$r776$b002275952$mIn gentlest Germany /$nIn gentlest Germany /
=DGM  \\$a002275952$bCatBridge variable field
=DRT  \\$aWW1
=SRC  \\$aWW1$bEuropeana_Collections_1914-1918_20140109
=OHC  \\$a1
=LAS  \\$aW2001-2376$b00$c20200626$lBLL01$h1833

