=LDR  02008 am a22004933  4500
=001  016606569
=003  Uk
=005  20200626183318.0
=007  cr\mn\024mpada
=008  890522|1917||||enk\\\\|s\\\\\|||\||eng\\
=FMT  \\$a  BK
=019  x\$a2050440227
=040  \\$aUk$cUk
=100  1\$aMACDONAGH, Michael,$cthe Younger.
=245  14$aThe Irish on the Somme. Being the second series of "The Irish at the Front" ... With an introduction by John Redmond.
=264  \1$aLondon :$bHodder & Stoughton,$c1917.
=300  \\$a197 pages ;$c(8º)
=336  \\$atext$2rdacontent
=337  \\$acomputer$2rdamedia
=338  \\$aonline$2rdacarrier
=650  \0$aRegimental histories
=655  \4$aBook
=700  1\$aREDMOND, John Edward.
=859  \\$aXLD$bWW1
=886  2\$2blmarc$a709$b00$aREDMOND$hJohn Edward$p09082.a.79.$x2720710210
=852  4\$cDRT$jDigital Store 09082.a.79.$aBritish Library$bHMNTS
=985  \\$aCorrected by BSS-generated file for WR# 11/048
=985  \\$aEnhanced by MS generated file for WR# 12/139
=985  \\$aCorrected by MS generated file for WR# 1805-0738
=CAT  \\$aBATCH-DCW$b00$c20140120$lBLL01$h0137
=CAT  \\$aWR14.046$c20140417$lBLL01$h1726
=CAT  \\$aWR13.144/5$c20140418$lBLL01$h1050
=CAT  \\$aBATCH-RIGH$c20170607$lBLL01$h1816
=CAT  \\$aR1706-1834$c20170629$lBLL01$h1227
=CAT  \\$a1805-0738$c20181228$lBLL01$h1836
=CAT  \\$a1805-0738$b00$c20181228$lBLL01$h1920
=CAT  \\$aW2001-2376$c20200626$lBLL01$h1833
=FIN  \\$aY$d20140120
=LKR  \\$aPAR$lBLL01$r776$b002309187$mThe Irish on the Somme. Being the second series of "The Irish at the Front" ... With an introduction by John Redmond.$nThe Irish on the Somme. Being the second series of "The Irish at the Front" ... With an introduction by John Redmond.
=DGM  \\$a002309187$bCatBridge variable field
=DRT  \\$aWW1
=SRC  \\$aWW1$bEuropeana_Collections_1914-1918_20140109
=OHC  \\$a1
=LAS  \\$aW2001-2376$b00$c20200626$lBLL01$h1833

