=LDR  01371 am a22004093  4500
=001  016606572
=003  Uk
=005  20140120013738.0
=007  cr\mn\024mpada
=008  901203s1918\\\\sz\a\\\|s\\\\||||\||ger\\
=FMT  \\$a  BK
=019  x\$a3631100140
=040  \\$aUk$cUk
=245  00$aEngland in Kriegszeiten /$cvon einem Engländer.
=260  \\$aZürich :$bOrell Füssli,$c1918.
=300  \\$a132 p. ;$bill. ;$c23 cm.
=336  \\$atext$2rdacontent
=337  \\$acomputer$2rdamedia
=338  \\$aonline$2rdacarrier
=650  \0$aWorld War, 1914-1918$zGreat Britain
=650  \0$aWorld War, 1914-1918$zGreat Britain.
=655  \4$aBook
=859  \\$aXLD$bWW1
=852  4\$cDRT$jDigital Store X.800/29982.$aBritish Library$bHMNTS
=985  \\$aCorrected by MS generated file for WR# 12.037
=CAT  \\$aBATCH-DCW$b00$c20140120$lBLL01$h0137
=CAT  \\$aWR14.046$c20140417$lBLL01$h1726
=CAT  \\$aWR13.144/5$c20140418$lBLL01$h1050
=CAT  \\$aBATCH-RIGH$c20170607$lBLL01$h1816
=CAT  \\$aR1706-1834$c20170629$lBLL01$h1227
=FIN  \\$aY$d20140120
=LKR  \\$aPAR$lBLL01$r776$b004050516$mEngland in Kriegszeiten /$nEngland in Kriegszeiten /
=DGM  \\$a004050516$bCatBridge variable field
=DRT  \\$aWW1
=SRC  \\$aWW1$bEuropeana_Collections_1914-1918_20140109
=OHC  \\$a1
=LAS  \\$aR1706-1834$b00$c20170629$lBLL01$h1227

