=LDR  02158 am a22004933  4500
=001  016606580
=003  Uk
=005  20200626183318.0
=007  cr\mn\024mpada
=008  870921|1919||||enk\\\\|s\\\\\|||\||eng\\
=FMT  \\$a  BK
=019  x\$a0080090087
=040  \\$aUk$cUk
=100  1\$aANDERSON, Henry Graeme.
=245  14$aThe Medical and Surgical Aspects of Aviation ... With chapters on Applied Physiology of Aviation by Martin Flack ... and the Aero-Neuroses of War Pilots by Oliver H. Gotch, etc.
=264  \1$aOxford,$c1919.
=300  \\$axvi, 255 pages ;$c(8º)
=336  \\$atext$2rdacontent
=337  \\$acomputer$2rdamedia
=338  \\$aonline$2rdacarrier
=490  0\$a[Oxford Medical Publications.]
=650  \0$aWorld War, 1914-1918$xMedical care
=655  \4$aBook
=859  \\$aXLD$bWW1
=852  4\$cDRT$jDigital Store 20036.a.1/119.$aBritish Library$bHMNTS
=985  \\$aCorrected by BSS-generated file for WR# 11/048
=985  \\$aCorrected by MS generated file for WR# 12.037
=985  \\$aEnhanced by MS generated file for WR# 12/139
=985  \\$aCorrected by MS generated file for WR# 1805-0738
=CAT  \\$aBATCH-DCW$b00$c20140120$lBLL01$h0159
=CAT  \\$aWR14.046$c20140417$lBLL01$h1726
=CAT  \\$aWR13.144/5$c20140418$lBLL01$h1050
=CAT  \\$aBATCH-RIGH$c20170607$lBLL01$h1816
=CAT  \\$aR1706-1834$c20170629$lBLL01$h1227
=CAT  \\$a1805-0738$c20181228$lBLL01$h1836
=CAT  \\$a1805-0738$b00$c20181228$lBLL01$h1920
=CAT  \\$aW2001-2376$c20200626$lBLL01$h1833
=FIN  \\$aY$d20140120
=LKR  \\$aPAR$lBLL01$r776$b000078821$mThe Medical and Surgical Aspects of Aviation ... With chapters on Applied Physiology of Aviation by Martin Flack ... and the Aero-Neuroses of War Pilots by Oliver H. Gotch, etc.$nThe Medical and Surgical Aspects of Aviation ... With chapters on Applied Physiology of Aviation by Martin Flack ... and the Aero-Neuroses of War Pilots by Oliver H. Gotch, etc.
=DGM  \\$a000078821$bCatBridge variable field
=DRT  \\$aWW1
=SRC  \\$aWW1$bEuropeana_Collections_1914-1918_20140110
=OHC  \\$a1
=LAS  \\$aW2001-2376$b00$c20200626$lBLL01$h1833

