=LDR  02231 am a22005413  4500
=001  016606581
=003  Uk
=005  20200626183318.0
=007  cr\mn\024mpada
=008  941110|1920||||enk\\\\|s\\\\o|||\||eng\\
=FMT  \\$a  BK
=019  x\$a0964430169
=040  \\$aUk$cUk
=110  1\$aGreat Britain.$bArmy.$bDivision, 38th (Welsh)
=245  12$aA History of the 38th - Welsh - Division. By the G.S.O's. I. of the division. Edited by Lieut.-Colonel J. E. Munby.
=264  \1$aLondon :$bHugh Rees,$c1920.
=300  \\$axv, 84 pages ;$c(8º)
=336  \\$atext$2rdacontent
=337  \\$acomputer$2rdamedia
=338  \\$aonline$2rdacarrier
=650  \0$aRegimental histories
=655  \4$aBook
=700  1\$aMUNBY, Joseph Ernest.
=859  \\$aXLD$bWW1
=886  2\$2blmarc$a709$b00$aMUNBY$hJoseph Ernest$p09084.aa.31.$x2300260328
=852  4\$cDRT$jDigital Store 09084.aa.31.$aBritish Library$bHMNTS
=985  \\$aCorrected by BSS-generated file
=985  \\$aCorrected by BSS-generated file for WR# 08/145
=985  \\$aCorrected by BSS-generated file for WR# 11/048
=985  \\$aEnhanced by MS generated file for WR# 12/139
=985  \\$aEnhanced by MS generated file for WR# 13/021
=985  \\$aEnhanced by MS generated file for WR# 13/054
=985  \\$aCorrected by MS generated file for WR# 1805-0738
=CAT  \\$aBATCH-DCW$b00$c20140120$lBLL01$h0159
=CAT  \\$aWR14.046$c20140417$lBLL01$h1726
=CAT  \\$aWR13.144/5$c20140418$lBLL01$h1050
=CAT  \\$aBATCH-RIGH$c20170607$lBLL01$h1816
=CAT  \\$aR1706-1834$c20170629$lBLL01$h1227
=CAT  \\$a1805-0738$c20181228$lBLL01$h1836
=CAT  \\$a1805-0738$b00$c20181228$lBLL01$h1920
=CAT  \\$aW2001-2376$c20200626$lBLL01$h1833
=FIN  \\$aY$d20140120
=LKR  \\$aPAR$lBLL01$r776$b001094775$mA History of the 38th - Welsh - Division. By the G.S.O's. I. of the division. Edited by Lieut.-Colonel J. E. Munby.$nA History of the 38th - Welsh - Division. By the G.S.O's. I. of the division. Edited by Lieut.-Colonel J. E. Munby.
=DGM  \\$a001094775$bCatBridge variable field
=DRT  \\$aWW1
=SRC  \\$aWW1$bEuropeana_Collections_1914-1918_20140110
=OHC  \\$a1
=LAS  \\$aW2001-2376$b00$c20200626$lBLL01$h1833

