=LDR  02149ccm a22005057  4500
=001  016606587
=003  Uk
=005  20220412125040.0
=007  cr\mn\024mpada
=008  930317s1916\\\\enk||a\|s||||||||\\\eng\|
=FMT  \\$a  MU
=019  d\$acm06000842
=040  \\$aUk$cUk
=082  14$a780$215
=100  1\$aElgar, Edward,$d1857-1934.
=240  10$aSpirit of England.$pFor the fallen
=245  14$aThe Spirit of England. No. 3. For the Fallen. A poem by L. Binyon ... for tenor or soprano solo, chorus and orchestra. Op. 80. No. 3. Full Score.
=264  \1$aLondon :$bNovello & Co,$c1916.
=300  \\$c(folio)
=336  \\$anotated music$2rdacontent
=337  \\$acomputer$2rdamedia
=338  \\$aonline$2rdacarrier
=340  \\$mfolio$2rdabf
=859  \\$aXLD$bWW1
=883  0\$aLanguage codes assigned by Bayesian analysis of words present in record$d20210115$qUk$c0.9450
=852  4\$cDRT$jDigital Store I.220.g.(3.)$aBritish Library$bMUSIC
=985  \\$aCorrected by MS generated file for WR# 12.037
=985  \\$aCorrected by MS generated file for WR# 1805-0738
=CAT  \\$aBATCH-DCW$b00$c20140120$lBLL01$h0159
=CAT  \\$aBATCH-DCW$b00$c20140120$lBLL01$h0208
=CAT  \\$aWR14.046$c20140417$lBLL01$h1726
=CAT  \\$aWR13.144/5$c20140418$lBLL01$h1050
=CAT  \\$aBATCH-UPD$b00$c20150520$lBLL01$h1026
=CAT  \\$aWR15_100$c20150811$lBLL01$h0328
=CAT  \\$a1805-0738$c20181228$lBLL01$h1836
=CAT  \\$a1805-0738$b00$c20181228$lBLL01$h1920
=CAT  \\$aW2102-0046$b00$c20210506$lBLL01$h1515
=CAT  \\$aMFISHER$b40$c20220412$lBLL01$h1250
=FIN  \\$aY$d20140120
=LKR  \\$aPAR$lBLL01$r776$b004323081$mThe Spirit of England. No. 3. For the Fallen. A poem by L. Binyon ... for tenor or soprano solo, chorus and orchestra. Op. 80. No. 3. Full Score.$nThe Spirit of England. No. 3. For the Fallen. A poem by L. Binyon ... for tenor or soprano solo, chorus and orchestra. Op. 80. No. 3. Full Score.
=DGM  \\$a004323081$bCatBridge variable field
=DRT  \\$aWW1
=SRC  \\$aWW1$bEuropeana_Collections_1914-1918_20140110
=OHC  \\$a1
=LAS  \\$aMFISHER$b40$c20220412$lBLL01$h1250

