=LDR  02262 am a22005653  4500
=001  016606591
=003  Uk
=005  20200626183318.0
=007  cr\mn\024mpada
=008  880726|1918||||enk\\\\|s\\\\\|||\||eng\\
=FMT  \\$a  BK
=019  x\$a0375170413
=040  \\$aUk$cUk
=100  1\$aBORDEAUX, Henry Camille.
=245  10$aGuynemer, Knight of the Air ... Translated ... by Louise Morgan Sill, etc.
=264  \1$aLondon :$bChatto & Windus,$c1918.
=300  \\$a239 pages ;$c(8º)
=336  \\$atext$2rdacontent
=337  \\$acomputer$2rdamedia
=338  \\$aonline$2rdacarrier
=650  \0$aWorld War, 1914-1918$vPersonal narratives
=655  \4$aBook
=700  1\$aGUYNEMER, Georges Marie Ludovic Jules.
=700  1\$aSill, Louise Morgan.
=859  \\$aXLD$bWW1
=886  2\$2blmarc$a709$b00$aGUYNEMER$hGeorges Marie Ludovic Jules$p10657.de.9.$x1360670335
=886  2\$2blmarc$a709$b00$aSILL$hLouise Morgan$p10657.de.9.$x3023080046
=852  4\$aBritish Library$bHMNTS$cDRT$jDigital Store 10657.de.9.
=985  \\$aCorrected by BSS-generated file for WR# 11/048
=985  \\$aCorrected by MS generated file for WR# 12.037
=985  \\$aEnhanced by MS generated file for WR# 12/139
=985  \\$aEnhanced by MS generated file for WR# 13/021
=985  \\$aEnhanced by MS generated file for WR# 13/054
=985  \\$aCorrected by MS generated file for WR# 1805-0738
=CAT  \\$aBATCH-DCW$b00$c20140120$lBLL01$h0218
=CAT  \\$aWR14.046$c20140417$lBLL01$h1726
=CAT  \\$aWR13.144/5$c20140418$lBLL01$h1050
=CAT  \\$aBATCH-UPD$b00$c20150520$lBLL01$h1024
=CAT  \\$aBATCH-RIGH$c20170607$lBLL01$h1816
=CAT  \\$aR1706-1834$c20170629$lBLL01$h1227
=CAT  \\$a1805-0738$c20181228$lBLL01$h1836
=CAT  \\$a1805-0738$b00$c20181228$lBLL01$h1920
=CAT  \\$aW2001-2376$c20200626$lBLL01$h1833
=FIN  \\$aY$d20140120
=LKR  \\$aPAR$lBLL01$r776$b000415283$mGuynemer, Knight of the Air ... Translated ... by Louise Morgan Sill, etc.$nGuynemer, Knight of the Air ... Translated ... by Louise Morgan Sill, etc.
=DGM  \\$a000415283$bCatBridge variable field
=DRT  \\$aWW1
=SRC  \\$aWW1$bEuropeana_Collections_1914-1918_20140113
=OHC  \\$a2
=LAS  \\$aW2001-2376$b00$c20200626$lBLL01$h1833

