=LDR  01993 am a22005293  4500
=001  016606594
=003  Uk
=005  20200626183318.0
=007  cr\mn\024mpada
=008  880126|1919||||stk\\\\|s\\\\\|||\||eng\\
=FMT  \\$a  BK
=019  x\$a0281390215
=040  \\$aUk$cUk
=100  1\$aBewsher, Paul.
=245  10$a"Green Balls." The adventures of a night-bomber.
=264  \1$aEdinburgh ;$aLondon :$bW. Blackwood & Sons,$c1919.
=300  \\$aviii, 309 pages ;$c(8º)
=336  \\$atext$2rdacontent
=337  \\$acomputer$2rdamedia
=338  \\$aonline$2rdacarrier
=650  \0$aWorld War, 1914-1918$xAerial operations
=655  \4$aBook
=859  \\$aXLD$bWW1
=852  4\$cDRT$jDigital Store 9083.bb.43.$aBritish Library$bHMNTS
=985  \\$aCorrected by BSS-generated file for WR# 11/211
=985  \\$aCorrected by MS generated file for WR# 12.037
=985  \\$aEnhanced by MS generated file for WR# 12/139
=985  \\$aEnhanced by MS generated file for WR# 13/021
=985  \\$aEnhanced by MS generated file for WR# 13/054
=985  \\$aCorrected by MS generated file for WR# 1805-0738
=CAT  \\$aBATCH-DCW$b00$c20140120$lBLL01$h0218
=CAT  \\$aWR14.046$c20140417$lBLL01$h1726
=CAT  \\$aWR13.144/5$c20140418$lBLL01$h1050
=CAT  \\$aBATCH-UPD$b00$c20150520$lBLL01$h1024
=CAT  \\$aBATCH-RIGH$c20170607$lBLL01$h1816
=CAT  \\$aR1706-1834$c20170629$lBLL01$h1227
=CAT  \\$a1805-0738$c20181228$lBLL01$h1836
=CAT  \\$a1805-0738$b00$c20181228$lBLL01$h1920
=CAT  \\$aW2001-2376$c20200626$lBLL01$h1833
=CAT  \\$aBATCH-UPD$b00$c20201031$lBLL01$h1727
=FIN  \\$aY$d20140120
=LKR  \\$aPAR$lBLL01$r776$b000308837$m"Green Balls." The adventures of a night-bomber.$n"Green Balls." The adventures of a night-bomber.
=DGM  \\$a000308837$bCatBridge variable field
=DRT  \\$aWW1
=SRC  \\$aWW1$bEuropeana_Collections_1914-1918_20140113
=OHC  \\$a1
=LAS  \\$aBATCH-UPD$b00$c20201031$lBLL01$h1727

