=LDR  02020 am a22005293  4500
=001  016606595
=003  Uk
=005  20200626183318.0
=007  cr\mn\024mpada
=008  880209|1918||||enk\\\\|s\\\\o|||\||eng\\
=FMT  \\$a  BK
=019  x\$a0523080239
=040  \\$aUk$cUk
=110  1\$aCANADA.$bArmy.$bCanadian Expeditionary Force, 1914-1919.$bCanadian War Records Office.
=245  10$aHistories of Canadian battalions /$c(edited by T.G. Roberts.).
=264  \1$aLondon,$c[1918]
=300  \\$a4 parts ;$c(8º)
=336  \\$atext$2rdacontent
=337  \\$acomputer$2rdamedia
=338  \\$aonline$2rdacarrier
=500  \\$aThe series title occurs in one part only.
=650  \0$aRegimental histories.
=650  \0$aWorld War, 1914-1918.
=655  \4$aBook
=700  1\$aRoberts, Theodore Goodridge,$d1877-1953.
=859  \\$aXLD$bWW1
=886  2\$2blmarc$a709$b00$aROBERTS$hT. G.$fof the Canadian War Records Office$p09079.b.29.$x2773970187
=852  4\$cDRT$jDigital Store 09079.b.29.$aBritish Library$bHMNTS
=985  \\$aCorrected by MS generated file for WR# 12.037
=985  \\$aEnhanced by MS generated file for WR# 12/139
=985  \\$aEnhanced by MS generated file for WR# 13/021
=985  \\$aEnhanced by MS generated file for WR# 13/054
=985  \\$aCorrected by MS generated file for WR# 1805-0738
=CAT  \\$aBATCH-DCW$b00$c20140120$lBLL01$h0218
=CAT  \\$aWR14.046$c20140417$lBLL01$h1726
=CAT  \\$aWR13.144/5$c20140418$lBLL01$h1050
=CAT  \\$a7416$b40$c20160121$lBLL01$h1641
=CAT  \\$a1805-0738$c20181228$lBLL01$h1836
=CAT  \\$a1805-0738$b00$c20181228$lBLL01$h1920
=CAT  \\$aW2001-2376$c20200626$lBLL01$h1833
=FIN  \\$aY$d20140120
=LKR  \\$aPAR$lBLL01$r776$b000588993$mHistories of Canadian battalions /$nHistories of Canadian battalions /
=DGM  \\$a000588993$bCatBridge variable field
=DRT  \\$aWW1
=SRC  \\$aWW1$bEuropeana_Collections_1914-1918_20140113
=OHC  \\$a1
=LAS  \\$aW2001-2376$b00$c20200626$lBLL01$h1833

