=LDR  01884 am a22004933  4500
=001  016606597
=003  Uk
=005  20140120021822.0
=007  cr\mn\024mpada
=008  880421|1916||||enk\\\\|s\\\\\|||\||eng\\
=FMT  \\$a  BK
=019  x\$a0784500185
=040  \\$aUk$cUk
=245  00$aWomen of the Empire in war time :$bin honour of their great devotion and self-sacrifice /$ceditor, A. M. de Beck.
=250  \\$aSouvenir ed.
=260  \\$aLondon :$bDominion of Canada News Co.,$c1916.
=300  \\$a152 p. :$bill. ;$c35 cm.
=336  \\$atext$2rdacontent
=337  \\$acomputer$2rdamedia
=338  \\$aonline$2rdacarrier
=650  \0$aWomen and war.
=650  \0$aWorld War, 1914-1918$xWomen.
=650  \0$aWorld War, 1914-1918.
=655  \4$aBook
=700  1\$aDe Beck, A. M.
=859  \\$aXLD$bWW1
=852  4\$cDRT$jDigital Store 1879.d.3.$aBritish Library$bHMNTS
=985  \\$aCorrected by BSS-generated file for WR# 11/211
=985  \\$aCorrected by MS generated file for WR# 12.037
=985  \\$aEnhanced by MS generated file for WR# 12/139
=985  \\$aEnhanced by MS generated file for WR# 13/021
=985  \\$aEnhanced by MS generated file for WR# 13/054
=CAT  \\$aBATCH-DCW$b00$c20140120$lBLL01$h0218
=CAT  \\$aWR14.046$c20140417$lBLL01$h1726
=CAT  \\$aWR13.144/5$c20140418$lBLL01$h1050
=CAT  \\$aBATCH-RIGH$c20170607$lBLL01$h1816
=CAT  \\$aR1706-1834$c20170629$lBLL01$h1227
=FIN  \\$aY$d20140120
=LKR  \\$aPAR$lBLL01$r776$b000887734$mWomen of the Empire in war time : in honour of their great devotion and self-sacrifice /$nWomen of the Empire in war time : in honour of their great devotion and self-sacrifice /
=DGM  \\$a000887734$bCatBridge variable field
=DRT  \\$aWW1
=SRC  \\$aWW1$bEuropeana_Collections_1914-1918_20140113
=OHC  \\$a1
=LAS  \\$aR1706-1834$b00$c20170629$lBLL01$h1227

