=LDR  02530 am a22005533  4500
=001  016606598
=003  Uk
=005  20200626183318.0
=007  cr\mn\024mpada
=008  880726|1923||||enk\\\\|s\\\\o|||\||eng\\
=FMT  \\$a  BK
=019  x\$a0964420198
=040  \\$aUk$cUk
=110  1\$aGreat Britain.$bArmy.$bDivision, 12th.
=245  10$aHistory of the 12th (Eastern) Division in the Great War, 1914-1918. Edited by Major-General Sir Arthur B. Scott, K.C.B. ... Compiled by P. Middleton Brumwell. [With plates and maps.]
=264  \1$aLondon :$bNisbet & Co,$c1923.
=300  \\$axv, 272 pages ;$c(8º)
=336  \\$atext$2rdacontent
=337  \\$acomputer$2rdamedia
=338  \\$aonline$2rdacarrier
=650  \0$aRegimental histories
=655  \4$aBook
=700  1\$aBRUMWELL, Percy Middleton.
=700  1\$aSCOTT, Arthur Binny,$cSir,$cK.C.B.
=859  \\$aXLD$bWW1
=886  2\$2blmarc$a709$b00$aBRUMWELL$hPercy Middleton$p09084.cc.8.$x045170004X
=886  2\$2blmarc$a709$b00$aSCOTT$eSir$hArthur Binny$fK.C.B.$p09084.cc.8.$x2961520142
=852  4\$cDRT$jDigital Store 09084.cc.8.$aBritish Library$bHMNTS
=985  \\$aCorrected by BSS-generated file for WR# 08/145
=985  \\$aCorrected by BSS-generated file for WR# 11/216
=985  \\$aEnhanced by MS generated file for WR# 12/139
=985  \\$aEnhanced by MS generated file for WR# 13/021
=985  \\$aEnhanced by MS generated file for WR# 13/054
=985  \\$aCorrected by MS generated file for WR# 1805-0738
=CAT  \\$aBATCH-DCW$b00$c20140120$lBLL01$h0218
=CAT  \\$aWR14.046$c20140417$lBLL01$h1726
=CAT  \\$aWR13.144/5$c20140418$lBLL01$h1050
=CAT  \\$aBATCH-RIGH$c20170607$lBLL01$h1816
=CAT  \\$aR1706-1834$c20170629$lBLL01$h1227
=CAT  \\$a1805-0738$c20181228$lBLL01$h1836
=CAT  \\$a1805-0738$b00$c20181228$lBLL01$h1920
=CAT  \\$aW2001-2376$c20200626$lBLL01$h1833
=FIN  \\$aY$d20140120
=LKR  \\$aPAR$lBLL01$r776$b001094753$mHistory of the 12th (Eastern) Division in the Great War, 1914-1918. Edited by Major-General Sir Arthur B. Scott, K.C.B. ... Compiled by P. Middleton Brumwell. [With plates and maps.]$nHistory of the 12th (Eastern) Division in the Great War, 1914-1918. Edited by Major-General Sir Arthur B. Scott, K.C.B. ... Compiled by P. Middleton Brumwell. [With plates and maps.]
=DGM  \\$a001094753$bCatBridge variable field
=DRT  \\$aWW1
=SRC  \\$aWW1$bEuropeana_Collections_1914-1918_20140113
=OHC  \\$a1
=LAS  \\$aW2001-2376$b00$c20200626$lBLL01$h1833

