=LDR  02016 am a22005173  4500
=001  016606599
=003  Uk
=005  20200626183318.0
=007  cr\mn\024mpada
=008  880726|1918||||enk\\\\|s\\\\o|||\||eng\\
=FMT  \\$a  BK
=019  x\$a0964440040
=040  \\$aUk$cUk
=110  1\$aGreat Britain.$bArmy.$bDivision, 51st.
=245  14$aThe Fifty-first in France. By Captain Robert B. Ross ... Illustrated by Jessie K. Ross.
=264  \1$aLondon :$bHodder & Stoughton,$c1918.
=300  \\$a312 pages ;$c(8º)
=336  \\$atext$2rdacontent
=337  \\$acomputer$2rdamedia
=338  \\$aonline$2rdacarrier
=650  \0$aRegimental histories
=655  \4$aBook
=700  1\$aRoss, Robert B.
=859  \\$aXLD$bWW1
=886  2\$2blmarc$a709$b00$aROSS$hRobert B.$p09082.c.24.$x2820250343
=852  4\$cDRT$jDigital Store 09082.c.24.$aBritish Library$bHMNTS
=985  \\$aCorrected by BSS-generated file for WR# 08/145
=985  \\$aCorrected by BSS-generated file for WR# 11/048
=985  \\$aEnhanced by MS generated file for WR# 12/139
=985  \\$aCorrected by MS generated file for WR# 1805-0738
=CAT  \\$aBATCH-DCW$b00$c20140120$lBLL01$h0218
=CAT  \\$aWR14.046$c20140417$lBLL01$h1726
=CAT  \\$aWR13.144/5$c20140418$lBLL01$h1050
=CAT  \\$aBATCH-UPD$b00$c20141219$lBLL01$h1232
=CAT  \\$aBATCH-RIGH$c20170607$lBLL01$h1816
=CAT  \\$aR1706-1834$c20170629$lBLL01$h1227
=CAT  \\$a1805-0738$c20181228$lBLL01$h1836
=CAT  \\$a1805-0738$b00$c20181228$lBLL01$h1920
=CAT  \\$aW2001-2376$c20200626$lBLL01$h1833
=FIN  \\$aY$d20140120
=LKR  \\$aPAR$lBLL01$r776$b001094788$mThe Fifty-first in France. By Captain Robert B. Ross ... Illustrated by Jessie K. Ross.$nThe Fifty-first in France. By Captain Robert B. Ross ... Illustrated by Jessie K. Ross.
=DGM  \\$a001094788$bCatBridge variable field
=DRT  \\$aWW1
=SRC  \\$aWW1$bEuropeana_Collections_1914-1918_20140113
=OHC  \\$a1
=LAS  \\$aW2001-2376$b00$c20200626$lBLL01$h1833

