=LDR  02262 am a22005053  4500
=001  016606604
=003  Uk
=005  20200626183318.0
=007  cr\mn\024mpada
=008  880718|1912||||enk\\\\|s\\\\o|||\||eng\\
=FMT  \\$a  BK
=019  x\$a0970840071
=040  \\$aUk$cUk
=110  1\$aGreat Britain.$bArmy.$bEducational and Training Establishments.$bSchool of Military Engineering, Chatham.
=245  10$aSix Lectures delivered at the Senior Officers' Course, 16-21 Oct. 1911, School of Military Engineering, by Col. J. E. Capper [and others], etc.
=264  \1$aChatham,$c1912.
=300  \\$a50 pages ;$c(8º)
=336  \\$atext$2rdacontent
=337  \\$acomputer$2rdamedia
=338  \\$aonline$2rdacarrier
=490  0\$a[Professional Papers of the Corps of Royal Engineers. ser. 4. no. 1.]
=650  \0$aWorld War, 1914-1918$xTechnology
=655  \4$aOfficial document
=859  \\$aXLD$bWW1
=852  4\$cDRT$jDigital Store Ac.4354.$aBritish Library$bHMNTS
=985  \\$aCorrected by BSS-generated file for WR# 08/145
=985  \\$aCorrected by BSS-generated file for WR# 11/031
=985  \\$aCorrected by MS generated file for WR# 12.037
=985  \\$aEnhanced by MS generated file for WR# 12/139
=985  \\$aEnhanced by MS generated file for WR# 13/021
=985  \\$aEnhanced by MS generated file for WR# 13/054
=985  \\$aCorrected by MS generated file for WR# 1805-0738
=CAT  \\$aBATCH-DCW$b00$c20140120$lBLL01$h0218
=CAT  \\$aWR14.046$c20140417$lBLL01$h1726
=CAT  \\$aWR13.144/5$c20140418$lBLL01$h1050
=CAT  \\$a1805-0738$c20181228$lBLL01$h1836
=CAT  \\$a1805-0738$b00$c20181228$lBLL01$h1920
=CAT  \\$aW2001-2376$c20200626$lBLL01$h1833
=FIN  \\$aY$d20140120
=LKR  \\$aPAR$lBLL01$r776$b001098587$mSix Lectures delivered at the Senior Officers' Course, 16-21 Oct. 1911, School of Military Engineering, by Col. J. E. Capper [and others], etc.$nSix Lectures delivered at the Senior Officers' Course, 16-21 Oct. 1911, School of Military Engineering, by Col. J. E. Capper [and others], etc.
=DGM  \\$a001098587$bCatBridge variable field
=DRT  \\$aWW1
=SRC  \\$aWW1$bEuropeana_Collections_1914-1918_20140113
=OHC  \\$a1
=LAS  \\$aW2001-2376$b00$c20200626$lBLL01$h1833

