=LDR  01896 am a2200469 a 4500
=001  016606605
=003  Uk
=005  20200626183318.0
=007  cr\mn\024mpada
=008  880718s1915\\\\enkb\\\\s\\\\o000\0\eng\\
=FMT  \\$a  BK
=019  x\$a0973200146
=040  \\$aUk$cUk$dUk
=110  1\$aGreat Britain.$bCommittee on Alleged German Outrages.
=245  10$aReport of the Committee on Alleged German Outrages.
=264  \1$aLondon :$bprinted under the authority of His Majesty's Statonery Office,$c1915.
=300  \\$a3 v. in 1 :$bmaps ;$c(8º)
=336  \\$atext$2rdacontent
=337  \\$acomputer$2rdamedia
=338  \\$aonline$2rdacarrier
=500  \\$aViscount Bryce, chairman.
=501  \\$aWith: Appendix: Evidence and documents laid before the Committee on Alleged German Outrages -- Report only, without the maps.$5Uk
=650  \0$aWorld War, 1914-1918$xAtrocities.
=700  1\$aBryce, James Bryce,$cViscount,$d1838-1922.
=859  \\$aXLD$bWW1
=852  4\$cDRT$jDigital Store B.S.18/28.$aBritish Library$bHMNTS$33 volumes bound together
=985  \\$aCorrected by MS generated file for WR# 1805-0738
=CAT  \\$aBATCH-DCW$b00$c20140120$lBLL01$h0218
=CAT  \\$aWR14.046$c20140417$lBLL01$h1726
=CAT  \\$aWR13.144/5$c20140418$lBLL01$h1050
=CAT  \\$aBATCH-RIGH$c20170607$lBLL01$h1816
=CAT  \\$aR1706-1834$c20170629$lBLL01$h1227
=CAT  \\$a1805-0738$c20181228$lBLL01$h1836
=CAT  \\$a1805-0738$b00$c20181228$lBLL01$h1920
=CAT  \\$aW2001-2376$c20200626$lBLL01$h1833
=FIN  \\$aY$d20140120
=LKR  \\$aPAR$lBLL01$r776$b001104392$mReport of the Committee on Alleged German Outrages.$nReport of the Committee on Alleged German Outrages.
=DGM  \\$a001104392$bCatBridge variable field
=DRT  \\$aWW1
=SRC  \\$aWW1$bEuropeana_Collections_1914-1918_20140113
=OHC  \\$a1
=LAS  \\$aW2001-2376$b00$c20200626$lBLL01$h1833

