=LDR  01997 am a22005173  4500
=001  016606608
=003  Uk
=005  20200626183318.0
=007  cr\mn\024mpada
=008  880818|1917||||fr\\\\\|s\\\\||||\||fre\\
=FMT  \\$a  BK
=019  x\$a1136790071
=040  \\$aUk$cUk
=110  \\$aFrance.
=240  10$aAppendix. Miscellaneous
=245  13$a[A "Temporary Gentleman" in France.] Au Front de France. Lettres d'un officier anglais.
=264  \1$aParis,$c1917.
=300  \\$axii, 292 pages ;$c(8º)
=336  \\$atext$2rdacontent
=337  \\$acomputer$2rdamedia
=338  \\$aonline$2rdacarrier
=650  \0$aWorld War, 1914-1918$xCampaigns$zWestern Front
=655  \4$aLetters
=859  \\$aXLD$bWW1
=852  4\$cDRT$jDigital Store 09082.bbb.8.$aBritish Library$bHMNTS
=985  \\$aCorrected by BSS-generated file
=985  \\$aCorrected by BSS-generated file for WR# 11/048
=985  \\$aEnhanced by MS generated file for WR# 12/139
=985  \\$aEnhanced by MS generated file for WR# 13/021
=985  \\$aEnhanced by MS generated file for WR# 13/054
=985  \\$aCorrected by MS generated file for WR# 1805-0738
=CAT  \\$aBATCH-DCW$b00$c20140120$lBLL01$h0218
=CAT  \\$aWR14.046$c20140417$lBLL01$h1726
=CAT  \\$aWR13.144/5$c20140418$lBLL01$h1050
=CAT  \\$aBATCH-RIGH$c20170607$lBLL01$h1816
=CAT  \\$aR1706-1834$c20170629$lBLL01$h1227
=CAT  \\$a1805-0738$c20181228$lBLL01$h1836
=CAT  \\$a1805-0738$b00$c20181228$lBLL01$h1920
=CAT  \\$aW2001-2376$c20200626$lBLL01$h1833
=FIN  \\$aY$d20140120
=LKR  \\$aPAR$lBLL01$r776$b001304131$m[A "Temporary Gentleman" in France.] Au Front de France. Lettres d'un officier anglais.$n[A "Temporary Gentleman" in France.] Au Front de France. Lettres d'un officier anglais.
=DGM  \\$a001304131$bCatBridge variable field
=DRT  \\$aWW1
=SRC  \\$aWW1$bEuropeana_Collections_1914-1918_20140113
=OHC  \\$a1
=LAS  \\$aW2001-2376$b00$c20200626$lBLL01$h1833

