=LDR  02207 am a22005293  4500
=001  016606609
=003  Uk
=005  20200626183318.0
=007  cr\mn\024mpada
=008  950428|1915||||enk\\\\|s\\\\o|||\||eng\\
=FMT  \\$a  BK
=019  x\$a1230960112
=040  \\$aUk$cUk
=110  1\$aGermany.$bHeer.$bGeneralstab.
=240  10$aKriegsbrauch im Landkriege.$lEnglish.
=245  14$aThe German War Book :$bbeing "The Usages of War on Land" (Kriegsbrauch im Landkriege) issued by the Great general staff of the German army /$cTranslated with a critical introduction by J. H. Morgan.
=264  \1$aLondon :$bJohn Murray,$c1915.
=300  \\$axv, 152 pages ;$c(8º)
=336  \\$atext$2rdacontent
=337  \\$acomputer$2rdamedia
=338  \\$aonline$2rdacarrier
=610  10$aGermany.$bHeer.
=650  \0$aGermany.
=650  \0$aWar (International law)
=650  \0$aWorld War, 1914-1918
=650  \0$aWorld War, 1914-1918.
=655  \4$aBook
=700  1\$aMorgan, J. H.$q(John Hartman),$d1876-1955.
=859  \\$aXLD$bWW1
=852  4\$cDRT$jDigital Store 08821.e.19.$aBritish Library$bHMNTS
=985  \\$aCorrected by BSS-generated file for WR# 11/048
=985  \\$aCorrected by MS generated file for WR# 12.037
=985  \\$aEnhanced by MS generated file for WR# 12/139
=985  \\$aCorrected by MS generated file for WR# 1805-0738
=CAT  \\$aBATCH-DCW$b00$c20140120$lBLL01$h0218
=CAT  \\$aWR14.046$c20140417$lBLL01$h1726
=CAT  \\$aWR13.144/5$c20140418$lBLL01$h1050
=CAT  \\$a1805-0738$c20181228$lBLL01$h1836
=CAT  \\$a1805-0738$b00$c20181228$lBLL01$h1920
=CAT  \\$aW2001-2376$c20200626$lBLL01$h1833
=FIN  \\$aY$d20140120
=LKR  \\$aPAR$lBLL01$r776$b001401101$mThe German War Book : being "The Usages of War on Land" (Kriegsbrauch im Landkriege) issued by the Great general staff of the German army /$nThe German War Book : being "The Usages of War on Land" (Kriegsbrauch im Landkriege) issued by the Great general staff of the German army /
=DGM  \\$a001401101$bCatBridge variable field
=DRT  \\$aWW1
=SRC  \\$aWW1$bEuropeana_Collections_1914-1918_20140113
=OHC  \\$a1
=LAS  \\$aW2001-2376$b00$c20200626$lBLL01$h1833

