=LDR  02081 am a22004813  4500
=001  016606610
=003  Uk
=005  20200626183318.0
=007  cr\mn\024mpada
=008  881004s1919\\\\au\\\\\|s\\\\\|||\||ger\\
=FMT  \\$a  BK
=019  x\$a1513030159
=040  \\$aUk$cUk
=100  1\$aHolz-Reyther, J. Heinrich.
=245  10$aBesinnet Euch!$bGedanken eines antimilitaristisch gesinnten Soldaten im Kampfe um die Erhaltung seines Ichmenschen gegen die Kasernentyrannei des Weltkrieges.
=264  \1$aWien :$b'der neue Mensch',$c1919.
=300  \\$a47 pages ;$c(8º)
=336  \\$atext$2rdacontent
=337  \\$acomputer$2rdamedia
=338  \\$aonline$2rdacarrier
=650  \0$aWorld War, 1914-1918$xMoral and ethical aspects
=650  \0$aWorld War, 1914-1918$xMoral and ethical aspects.
=655  \4$aBook
=859  \\$aXLD$bWW1
=852  4\$cDRT$jDigital Store 8425.h.56.$aBritish Library$bHMNTS
=985  \\$aCorrected by BSS-generated file for WR# 11/031
=985  \\$aCorrected by MS generated file for WR# 12.037
=985  \\$aCorrected by MS generated file for WR# 1805-0738
=CAT  \\$aBATCH-DCW$b00$c20140120$lBLL01$h0218
=CAT  \\$aWR14.046$c20140417$lBLL01$h1726
=CAT  \\$aWR13.144/5$c20140418$lBLL01$h1050
=CAT  \\$aBATCH-RIGH$c20170607$lBLL01$h1816
=CAT  \\$aR1706-1834$c20170629$lBLL01$h1227
=CAT  \\$a1805-0738$c20181228$lBLL01$h1836
=CAT  \\$a1805-0738$b00$c20181228$lBLL01$h1920
=CAT  \\$aW2001-2376$c20200626$lBLL01$h1833
=FIN  \\$aY$d20140120
=LKR  \\$aPAR$lBLL01$r776$b001720895$mBesinnet Euch! Gedanken eines antimilitaristisch gesinnten Soldaten im Kampfe um die Erhaltung seines Ichmenschen gegen die Kasernentyrannei des Weltkrieges.$nBesinnet Euch! Gedanken eines antimilitaristisch gesinnten Soldaten im Kampfe um die Erhaltung seines Ichmenschen gegen die Kasernentyrannei des Weltkrieges.
=DGM  \\$a001720895$bCatBridge variable field
=DRT  \\$aWW1
=SRC  \\$aWW1$bEuropeana_Collections_1914-1918_20140113
=OHC  \\$a1
=LAS  \\$aW2001-2376$b00$c20200626$lBLL01$h1833

