=LDR  02090 am a22004933  4500
=001  016606611
=003  Uk
=005  20200626183318.0
=007  cr\mn\024mpada
=008  890310|1916||||enk\\\\|s\\\\\|||\||eng\\
=FMT  \\$a  BK
=019  x\$a1832340406
=040  \\$aUk$cUk
=100  1\$aLANCHESTER, Frederick William.
=245  10$aAircraft in Warfare. The dawn of the fourth arm ... With introductory preface by Maj.-Gen. Sir David Henderson. [With plates.]
=264  \1$aLondon :$bConstable & Co,$c1916 [1915]
=300  \\$axviii, 222 pages ;$c(8º)
=336  \\$atext$2rdacontent
=337  \\$acomputer$2rdamedia
=338  \\$aonline$2rdacarrier
=650  \0$aWorld War, 1914-1918$xAerial operations
=655  \4$aBook
=700  1\$aHENDERSON, David,$cSir,$cK.C.B.
=859  \\$aXLD$bWW1
=886  2\$2blmarc$a709$b00$aHENDERSON$eSir$hDavid$fK.C.B.$p08821.ff.11.$x1450010318
=852  4\$cDRT$jDigital Store 08821.ff.11.$aBritish Library$bHMNTS
=985  \\$aCorrected by MS generated file for WR# 12.037
=985  \\$aEnhanced by MS generated file for WR# 12/139
=985  \\$aEnhanced by MS generated file for WR# 13/021
=985  \\$aEnhanced by MS generated file for WR# 13/054
=985  \\$aCorrected by MS generated file for WR# 1805-0738
=CAT  \\$aBATCH-DCW$b00$c20140120$lBLL01$h0218
=CAT  \\$aWR14.046$c20140417$lBLL01$h1726
=CAT  \\$aWR13.144/5$c20140418$lBLL01$h1050
=CAT  \\$a1805-0738$c20181228$lBLL01$h1836
=CAT  \\$a1805-0738$b00$c20181228$lBLL01$h1920
=CAT  \\$aW2001-2376$c20200626$lBLL01$h1833
=FIN  \\$aY$d20140120
=LKR  \\$aPAR$lBLL01$r776$b002064568$mAircraft in Warfare. The dawn of the fourth arm ... With introductory preface by Maj.-Gen. Sir David Henderson. [With plates.]$nAircraft in Warfare. The dawn of the fourth arm ... With introductory preface by Maj.-Gen. Sir David Henderson. [With plates.]
=DGM  \\$a002064568$bCatBridge variable field
=DRT  \\$aWW1
=SRC  \\$aWW1$bEuropeana_Collections_1914-1918_20140113
=OHC  \\$a1
=LAS  \\$aW2001-2376$b00$c20200626$lBLL01$h1833

