=LDR  02632 am a22004813  4500
=001  016606612
=003  Uk
=005  20200626183318.0
=007  cr\mn\024mpada
=008  890201s1914\\\\gw\\\\\|s\\\\\|||\||ger\\
=FMT  \\$a  BK
=019  x\$a1840470240
=040  \\$aUk$cUk
=100  1\$aLangfeld, C.
=245  10$aGegen Lug und Trug :$bDeutschlands und Österreich-Ungarns Schicksalsstunde in Wort und Bild ihrer Feinde. Dokumente zum Weltkrieg: Auszüge aus den textlichen und bildlichen Lügenmeldungen der feindlichen Presse in getreuen Übersetzungen, zusammen mit den amtlichen Veröffentlichungen der Hauptquartiere der kämpfenden Heere /$cgesammelt und herausgegeben von C. Langfeld. [Erstes] - Zweites Heft.
=264  \1$aLeipzig :$bDegener,$c[1914]
=300  \\$a2 volumes :$billustrations ;$c(8º)
=336  \\$atext$2rdacontent
=337  \\$acomputer$2rdamedia
=338  \\$aonline$2rdacarrier
=500  \\$aNo more published.
=650  \0$aWorld War, 1914-1918$xPropaganda
=650  \0$aWorld War, 1914-1918$xPropaganda.
=655  \4$aBook
=859  \\$aXLD$bWW1
=852  4\$cDRT$jDigital Store 09082.aaa.14.$aBritish Library$bHMNTS
=985  \\$aCorrected by MS generated file for WR# 12.037
=985  \\$aCorrected by MS generated file for WR# 1805-0738
=CAT  \\$aBATCH-DCW$b00$c20140120$lBLL01$h0218
=CAT  \\$aWR14.046$c20140417$lBLL01$h1726
=CAT  \\$aWR13.144/5$c20140418$lBLL01$h1050
=CAT  \\$aBATCH-RIGH$c20170607$lBLL01$h1816
=CAT  \\$aR1706-1834$c20170629$lBLL01$h1227
=CAT  \\$a1805-0738$c20181228$lBLL01$h1836
=CAT  \\$a1805-0738$b00$c20181228$lBLL01$h1920
=CAT  \\$aW2001-2376$c20200626$lBLL01$h1833
=FIN  \\$aY$d20140120
=LKR  \\$aPAR$lBLL01$r776$b002071280$mGegen Lug und Trug : Deutschlands und Österreich-Ungarns Schicksalsstunde in Wort und Bild ihrer Feinde. Dokumente zum Weltkrieg: Auszüge aus den textlichen und bildlichen Lügenmeldungen der feindlichen Presse in getreuen Übersetzungen, zusammen mit den amtlichen Veröffentlichungen der Hauptquartiere der kämpfenden Heere /$nGegen Lug und Trug : Deutschlands und Österreich-Ungarns Schicksalsstunde in Wort und Bild ihrer Feinde. Dokumente zum Weltkrieg: Auszüge aus den textlichen und bildlichen Lügenmeldungen der feindlichen Presse in getreuen Übersetzungen, zusammen mit den amtlichen Veröffentlichungen der Hauptquartiere der kämpfenden Heere /
=DGM  \\$a002071280$bCatBridge variable field
=DRT  \\$aWW1
=SRC  \\$aWW1$bEuropeana_Collections_1914-1918_20140113
=OHC  \\$a1
=LAS  \\$aW2001-2376$b00$c20200626$lBLL01$h1833

