=LDR  01707 am a22004693  4500
=001  016606613
=003  Uk
=005  20200626183318.0
=007  cr\mn\024mpada
=008  890222s1917\\\\gw\a\\\|s\\\\\|||\||ger\\
=FMT  \\$a  BK
=019  x\$a1881380351
=040  \\$aUk$cUk
=100  1\$aLehmann, Karl,$d1894-1960.
=245  14$aEin Gang in den Schützengraben zu den Pionieren /$cVon Karl Lehmann.
=264  \1$aMünchen :$bPiper,$c1917.
=300  \\$a114 pages :$billustrations ;$c(8º)
=336  \\$atext$2rdacontent
=337  \\$acomputer$2rdamedia
=338  \\$aonline$2rdacarrier
=650  \0$aWorld War, 1914-1918$xTrench warfare
=650  \0$aWorld War, 1914-1918$xTrench warfare.
=655  \4$aBook
=859  \\$aXLD$bWW1
=852  4\$cDRT$jDigital Store 9082.d.22.$aBritish Library$bHMNTS
=985  \\$aCorrected by MS generated file for WR# 12.037
=985  \\$aCorrected by MS generated file for WR# 1805-0738
=CAT  \\$aBATCH-DCW$b00$c20140120$lBLL01$h0218
=CAT  \\$aWR14.046$c20140417$lBLL01$h1726
=CAT  \\$aWR13.144/5$c20140418$lBLL01$h1050
=CAT  \\$aBATCH-RIGH$c20170607$lBLL01$h1816
=CAT  \\$aR1706-1834$c20170629$lBLL01$h1227
=CAT  \\$a1805-0738$c20181228$lBLL01$h1836
=CAT  \\$a1805-0738$b00$c20181228$lBLL01$h1920
=CAT  \\$aW2001-2376$c20200626$lBLL01$h1833
=FIN  \\$aY$d20140120
=LKR  \\$aPAR$lBLL01$r776$b002119122$mEin Gang in den Schützengraben zu den Pionieren /$nEin Gang in den Schützengraben zu den Pionieren /
=DGM  \\$a002119122$bCatBridge variable field
=DRT  \\$aWW1
=SRC  \\$aWW1$bEuropeana_Collections_1914-1918_20140113
=OHC  \\$a1
=LAS  \\$aW2001-2376$b00$c20200626$lBLL01$h1833

