=LDR  01707 am a22004693  4500
=001  016606617
=003  Uk
=005  20200626183319.0
=007  cr\mn\024mpada
=008  891128s1918\\\\enk\\\\|s\\\\\|||\||eng\\
=FMT  \\$a  BK
=019  x\$a2582960306
=040  \\$aUk$cUk
=100  1\$aPicton, Harold.
=245  14$aThe Better Germany in War Time :$bbeing some facts towards fellowship.
=264  \1$aManchester ;$aLondon :$bNational Labour Press,$c[1918?]
=300  \\$axii, 271 pages ;$c(8º)
=336  \\$atext$2rdacontent
=337  \\$acomputer$2rdamedia
=338  \\$aonline$2rdacarrier
=650  \0$aGermany.
=650  \0$aWorld War, 1914-1918.
=655  \4$aBook
=859  \\$aXLD$bWW1
=852  4\$cDRT$jDigital Store 08028.df.84.$aBritish Library$bHMNTS
=985  \\$aCorrected by MS generated file for WR# 12.037
=985  \\$aCorrected by MS generated file for WR# 1805-0738
=CAT  \\$aBATCH-DCW$b00$c20140120$lBLL01$h0218
=CAT  \\$aWR14.046$c20140417$lBLL01$h1726
=CAT  \\$aWR13.144/5$c20140418$lBLL01$h1050
=CAT  \\$aBATCH-RIGH$c20170607$lBLL01$h1816
=CAT  \\$aR1706-1834$c20170629$lBLL01$h1227
=CAT  \\$a1805-0738$c20181228$lBLL01$h1836
=CAT  \\$a1805-0738$b00$c20181228$lBLL01$h1920
=CAT  \\$aW2001-2376$c20200626$lBLL01$h1833
=FIN  \\$aY$d20140120
=LKR  \\$aPAR$lBLL01$r776$b002910823$mThe Better Germany in War Time : being some facts towards fellowship.$nThe Better Germany in War Time : being some facts towards fellowship.
=DGM  \\$a002910823$bCatBridge variable field
=DRT  \\$aWW1
=SRC  \\$aWW1$bEuropeana_Collections_1914-1918_20140113
=OHC  \\$a1
=LAS  \\$aW2001-2376$b00$c20200626$lBLL01$h1833

