=LDR  02021 am a22004573  4500
=001  016606621
=003  Uk
=005  20140120021823.0
=007  cr\mn\024mpada
=008  900903|1917||||enk\\\\|s\\\\o|||\||eng\\
=FMT  \\$a  BK
=019  x\$a3502250243
=040  \\$aUk$cUk
=245  10$aWho's Who in relation to War Trade. Index of firms in neutral countries entered in issues I to XIX. Compiled by the War Trade Intelligence Department.
=260  \\$aLondon,$c1917.
=300  \\$c34 cm.
=336  \\$atext$2rdacontent
=337  \\$acomputer$2rdamedia
=338  \\$aonline$2rdacarrier
=650  \0$aWorld War, 1914-1918$xEconomic aspects
=655  \4$aOfficial document
=710  1\$aGreat Britain.$bWar Trade Intelligence Department.
=720  \\$aWHO'S WHO$emain entry
=859  \\$aXLD$bWW1
=886  2\$2blmarc$a709$b00$aENGLAND$dDepartments of State and Official Bodies$dWar Trade Intelligence Department$pB.S.28/16.$x0990780228
=852  4\$cDRT$jDigital Store B.S.28/16.$aBritish Library$bHMNTS
=985  \\$aCorrected by MS generated file for WR# 12.037
=985  \\$aEnhanced by MS generated file for WR# 12/139
=985  \\$aEnhanced by MS generated file for WR# 13/021
=985  \\$aEnhanced by MS generated file for WR# 13/054
=985  \\$aRecord amended for WR# 13/070
=CAT  \\$aBATCH-DCW$b00$c20140120$lBLL01$h0218
=CAT  \\$aWR14.046$c20140417$lBLL01$h1726
=CAT  \\$aWR13.144/5$c20140418$lBLL01$h1050
=FIN  \\$aY$d20140120
=LKR  \\$aPAR$lBLL01$r776$b003914722$mWho's Who in relation to War Trade. Index of firms in neutral countries entered in issues I to XIX. Compiled by the War Trade Intelligence Department.$nWho's Who in relation to War Trade. Index of firms in neutral countries entered in issues I to XIX. Compiled by the War Trade Intelligence Department.
=DGM  \\$a003914722$bCatBridge variable field
=DRT  \\$aWW1
=SRC  \\$aWW1$bEuropeana_Collections_1914-1918_20140113
=OHC  \\$a1
=LAS  \\$aWR13.144/5$b00$c20140418$lBLL01$h1050

