=LDR  01538 am a2200433ua 4500
=001  016606623
=003  Uk
=005  20140120021823.0
=007  cr\mn\024mpada
=008  880921s1916\\\\gw\a\\\|s\\\\|||1\||ger\\
=FMT  \\$a  BK
=019  1\$ar6315847
=040  \\$aUk$cUk
=100  1\$aHildebrandt, Hans.
=245  10$aKrieg und Kunst :$bmit 36 Abbildungen zeitgeössischer Kunstwerke /$cHans Hildebrandt.
=260  \\$aMünchen :$bPiper,$c1916.
=300  \\$a340 p. :$bill.
=336  \\$atext$2rdacontent
=337  \\$acomputer$2rdamedia
=338  \\$aonline$2rdacarrier
=650  \0$aWorld War, 1914-1918$vArt and the war
=650  \0$aWorld War, 1914-1918$vArt and the war.
=655  \4$aBook
=859  \\$aXLD$bWW1
=852  4\$cDRT$jDigital Store YV.1988.b.1585$aBritish Library$bHMNTS
=957  \\$a851030p
=985  \\$aCorrected by MS generated file for WR# 12.037
=CAT  \\$aBATCH-DCW$b00$c20140120$lBLL01$h0218
=CAT  \\$aWR14.046$c20140417$lBLL01$h1726
=CAT  \\$aWR13.144/5$c20140418$lBLL01$h1050
=CAT  \\$aBATCH-RIGH$c20170607$lBLL01$h1816
=CAT  \\$aR1706-1834$c20170629$lBLL01$h1227
=FIN  \\$aY$d20140120
=LKR  \\$aPAR$lBLL01$r776$b010623125$mKrieg und Kunst : mit 36 Abbildungen zeitgeössischer Kunstwerke /$nKrieg und Kunst : mit 36 Abbildungen zeitgeössischer Kunstwerke /
=DGM  \\$a010623125$bCatBridge variable field
=DRT  \\$aWW1
=SRC  \\$aWW1$bEuropeana_Collections_1914-1918_20140113
=OHC  \\$a1
=LAS  \\$aR1706-1834$b00$c20170629$lBLL01$h1227

