=LDR  01774 as a2200493 a 4500
=001  016606624
=003  Uk
=005  20140120021824.0
=007  cr\mn\024mpada
=007  ta
=008  880209d19uu19uuenkuu\p\s\\\\o00\\a0eng\\
=FMT  \\$a  SE
=019  x\$a0523080190
=040  \\$aUk$cUk
=245  04$aThe C.R.O. bulletin.
=246  30$aCRO bulletin
=246  30$aCanadian Record Office bulletin
=260  \\$aLondon :$bC.F. Low
=300  \\$av. :$bill. ;$c25 cm.
=336  \\$atext$2rdacontent
=337  \\$acomputer$2rdamedia
=338  \\$aonline$2rdacarrier
=588  \\$aDescription based on: War souvenir number, Xmas 1918; title from title page.
=650  \0$aRegimental histories.
=650  \0$aWorld War, 1914-1918$vPeriodicals.
=650  \0$aWorld War, 1914-1918$xTrench warfare.
=655  \4$aTrench journal
=710  2\$aCanadian War Records Office.
=859  \\$aXLD$bWW1
=852  4\$cDRT$jDigital Store P.P.4039.wfd.(4.)$aBritish Library$bHMNTS$3War souvenir number (Xmas 1918) only
=985  \\$a650 0{dollar}aWorld War, 1914-1918{dollar}xTrench warfare -- 650 {dollar}aRegimental histories -- Europeana Project LCSH.
=985  \\$aCorrected by BSS-generated file for WR# 11/031
=985  \\$aCorrected by MS generated file for WR# 12.037
=985  \\$aEnhanced by MS generated file for WR# 12/139
=CAT  \\$aBATCH-DCW$b00$c20140120$lBLL01$h0218
=CAT  \\$aWR14.046$c20140417$lBLL01$h1726
=CAT  \\$aWR13.144/5$c20140418$lBLL01$h1050
=FIN  \\$aY$d20140120
=LKR  \\$aPAR$lBLL01$r776$b000588989$mThe C.R.O. bulletin.$nThe C.R.O. bulletin.
=DGM  \\$a000588989$bCatBridge variable field
=DRT  \\$aWW1
=SRC  \\$aWW1$bEuropeana_Collections_1914-1918_20140113
=OHC  \\$a1
=LAS  \\$aWR13.144/5$b00$c20140418$lBLL01$h1050

