=LDR  02000 am a22004933  4500
=001  016606625
=003  Uk
=005  20200626183319.0
=007  cr\mn\024mpada
=008  941110|1924||||enk\\\\|s\\\\o|||\||eng\\
=FMT  \\$a  BK
=019  x\$a0964430231
=040  \\$aUk$cUk
=110  1\$aGreat Britain.$bArmy.$bDivision, 49th.
=245  14$aThe History of the 62nd [amalgamated with the 49th] - West Riding - Division, 1914-1919. By Everard Wyrall, etc.
=264  \1$aLondon :$bJohn Lane,$c[1924-25]
=300  \\$a2 volumes ;$c(8º)
=336  \\$atext$2rdacontent
=337  \\$acomputer$2rdamedia
=338  \\$aonline$2rdacarrier
=650  \0$aRegimental histories
=655  \4$aBook
=700  1\$aWyrall, Everard,$d1878-1937.
=859  \\$aXLD$bWW1
=886  2\$2blmarc$a709$b00$aWYRALL$hEverard$p09084.cc.38.$x3570770028
=852  4\$cDRT$jDigital Store 09084.cc.38.$aBritish Library$bHMNTS
=985  \\$aCorrected by BSS-generated file for WR# 08/145
=985  \\$aCorrected by MS generated file for WR# 11.211
=985  \\$aEnhanced by MS generated file for WR# 12/139
=985  \\$aCorrected by MS generated file for WR# 1805-0738
=CAT  \\$aBATCH-DCW$b00$c20140120$lBLL01$h0218
=CAT  \\$aWR14.046$c20140417$lBLL01$h1726
=CAT  \\$aWR13.144/5$c20140418$lBLL01$h1050
=CAT  \\$aBATCH-UPD$b00$c20150520$lBLL01$h1023
=CAT  \\$a1805-0738$c20181228$lBLL01$h1836
=CAT  \\$a1805-0738$b00$c20181228$lBLL01$h1920
=CAT  \\$aW2001-2376$c20200626$lBLL01$h1833
=FIN  \\$aY$d20140120
=LKR  \\$aPAR$lBLL01$r776$b001094782$mThe History of the 62nd [amalgamated with the 49th] - West Riding - Division, 1914-1919. By Everard Wyrall, etc.$nThe History of the 62nd [amalgamated with the 49th] - West Riding - Division, 1914-1919. By Everard Wyrall, etc.
=DGM  \\$a001094782$bCatBridge variable field
=DRT  \\$aWW1
=SRC  \\$aWW1$bEuropeana_Collections_1914-1918_20140113
=OHC  \\$a1
=LAS  \\$aW2001-2376$b00$c20200626$lBLL01$h1833

