=LDR  02208 as a2200517 a 4500
=001  016606626
=003  Uk
=005  20140120021824.0
=007  cr\mn\024mpada
=007  ta
=008  880718d19181918enkuu\p\s\\\\o00\\a0eng\\
=FMT  \\$a  SE
=019  x\$a0970200269
=040  \\$aUk$cUk$dUk
=245  04$aThe Old doings :$bthe organ of the 1st Battalion London Rifle Brigade, Transport Section, B.E.F., France.
=264  \1$a[London] :$b[London Rifle Brigade],$c1918.
=300  \\$av ;$c(8º)
=336  \\$atext$2rdacontent
=337  \\$acomputer$2rdamedia
=338  \\$aonline$2rdacarrier
=340  \\$m8vo$2rdabf
=362  0\$aSouvenir no. (spring 1918).
=610  10$aGreat Britain.$bArmy.$bRifle Brigade (Prince Consort's Own).$bBattalion, 1st$vPeriodicals.
=650  \0$aWorld War, 1914-1918$xPropaganda.
=655  \4$aTrench journal
=710  1\$aGreat Britain.$bArmy.$bRifle Brigade (Prince Consort's Own).$bBattalion, 1st.
=859  \\$aXLD$bWW1
=852  4\$cDRT$jDigital Store P.P.4039.wcb.(2.)$aBritish Library$bHMNTS$3Souvenir no. (spring 1918)
=985  \\$aCorrected by BSS-generated file for WR# 08/145
=985  \\$aCorrected by MS generated file for WR# 12.037
=985  \\$aHeadings: World War, 1914-1918, Propaganda, and Trench journal globally added for the Europeana Project.
=985  \\$aCorrected by MS generated file for WR# 1805-0738
=CAT  \\$aBATCH-DCW$b00$c20140120$lBLL01$h0218
=CAT  \\$aWR14.046$c20140417$lBLL01$h1726
=CAT  \\$aWR13.144/5$c20140418$lBLL01$h1050
=CAT  \\$aBATCH-RIGH$c20170607$lBLL01$h1816
=CAT  \\$aR1706-1834$c20170629$lBLL01$h1227
=CAT  \\$a1805-0738$c20181228$lBLL01$h1836
=CAT  \\$a1805-0738$b00$c20181228$lBLL01$h1920
=FIN  \\$aY$d20140120
=LKR  \\$aPAR$lBLL01$r776$b001096830$mThe Old doings : the organ of the 1st Battalion London Rifle Brigade, Transport Section, B.E.F., France.$nThe Old doings : the organ of the 1st Battalion London Rifle Brigade, Transport Section, B.E.F., France.
=DGM  \\$a001096830$bCatBridge variable field
=DRT  \\$aWW1
=SRC  \\$aWW1$bEuropeana_Collections_1914-1918_20140113
=OHC  \\$a1
=LAS  \\$a1805-0738$b00$c20181228$lBLL01$h1920

