=LDR  02192 as a2200589 a 4500
=001  016606627
=003  Uk
=005  20140120021824.0
=007  cr\mn\024mpada
=007  ta
=008  880718d19161916enkuu\p\s\\\\o00\\a0eng\\
=FMT  \\$a  SE
=019  c\$a2261547
=019  x\$a0970200277
=040  \\$aUk$cUk$dUk
=245  04$aThe L.R.B. gazette.
=246  3\$aLondon Rifle Brigade gazette
=264  \1$aIpswich :$bL.R.B.,$c1916.
=300  \\$c(8º)
=336  \\$atext$2rdacontent
=337  \\$acomputer$2rdamedia
=338  \\$aonline$2rdacarrier
=340  \\$m8vo$2rdabf
=362  0\$aNo. 1 (Sept. 1916)
=500  \\$aThe Rifle Brigade fielded 28 battalions during WWI.
=540  \\$aCurrent Copyright Fee: GBP12.30$c0$5Uk
=610  10$aGreat Britain.$bArmy.$bRifle Brigade (Prince Consort's Own).$bBattalion, 2nd$vPeriodicals.
=650  \0$aWorld War, 1914-1918$xPropaganda.
=655  \4$aTrench journal
=710  1\$aGreat Britain.$bArmy.$bRifle Brigade (Prince Consort's Own).$bBattalion, 2nd.
=859  \\$aXLD$bWW1
=852  4\$cDRT$jDigital Store P.P.4039.wcb.(11.)$aBritish Library$bHMNTS$3No. 1 (Sept. 1916)
=945  \\$aLRB gazette.
=963  \\$aNO. 1, 1916 *A=1$bN$cWRC.494
=979  \\$aBritish Library$bDSC$j5300.180000N
=985  \\$aCorrected by BSS-generated file for WR# 08/145
=985  \\$aCorrected by MS generated file for WR# 12.037
=985  \\$aEnhanced by MS generated file for WR# 12/139
=985  \\$aHeadings: World War, 1914-1918, Propaganda, and Trench journal globally added for the Europeana Project.
=985  \\$aCorrected by MS generated file for WR# 1805-0738
=CAT  \\$aBATCH-DCW$b00$c20140120$lBLL01$h0218
=CAT  \\$aWR14.046$c20140417$lBLL01$h1726
=CAT  \\$aWR13.144/5$c20140418$lBLL01$h1050
=CAT  \\$a1805-0738$c20181228$lBLL01$h1836
=CAT  \\$a1805-0738$b00$c20181228$lBLL01$h1920
=FIN  \\$aY$d20140120
=LKR  \\$aPAR$lBLL01$r776$b001096831$mThe L.R.B. gazette.$nThe L.R.B. gazette.
=DGM  \\$a001096831$bCatBridge variable field
=DRT  \\$aWW1
=SRC  \\$aWW1$bEuropeana_Collections_1914-1918_20140113
=OHC  \\$a1
=LAS  \\$a1805-0738$b00$c20181228$lBLL01$h1920

