=LDR  02914 am a22005653  4500
=001  016606628
=003  Uk
=005  20200626183319.0
=007  cr\mn\024mpada
=008  040407|1914||||enk\\\\|s\\\\o|||\||eng\\
=FMT  \\$a  BK
=019  x\$a0970350082
=040  \\$aUk$cUk
=110  1\$aGreat Britain.$bArmy.$bInfantry.$bRegiments.$bRoyal Irish Rifles, afterwards Royal Ulster Rifles.
=245  10$aHistory of the Royal Irish Rifles. By Lieut-Colonel George Brenton Lawrie. (vol. 2. The History of the first seven Battalions, the Royal Irish Rifles, now the Royal Ulster Rifles, in the Great War. By Cyril Falls.) [With plates and maps.]
=264  \1$aLondon :$bGale & Polden,$c1914, 25.
=300  \\$a2 volumes ;$c(4º)
=336  \\$atext$2rdacontent
=337  \\$acomputer$2rdamedia
=338  \\$aonline$2rdacarrier
=500  \\$aVol. 1 is no. 78 of an edition of eighty-two de luxe copies of the edition placed at 8821.dd.16.; vol. 2 was printed for private circulation at Aldershot.
=650  \0$aRegimental histories
=655  \4$aBook
=700  1\$aFALLS, Cyril Bentham.
=700  1\$aLaurie, G. B.$q(George Brenton),$d1867-1915.
=859  \\$aXLD$bWW1
=886  2\$2blmarc$a709$b00$aFALLS$hCyril Bentham$pK.T.C.109.b.3.$x105324021X
=886  2\$2blmarc$a709$b00$aLAURIE$hGeorge Brenton$pK.T.C.109.b.3.$x1853460303
=852  4\$cDRT$jDigital Store K.T.C.109.b.3.$aBritish Library$bHMNTS
=985  \\$aCorrected by BSS-generated file for WR# 11/211
=985  \\$aEnhanced by MS generated file for WR# 12/139
=985  \\$aEnhanced by MS generated file for WR# 13/021
=985  \\$aEnhanced by MS generated file for WR# 13/054
=985  \\$aCorrected by MS generated file for WR# 1805-0738
=CAT  \\$aBATCH-DCW$b00$c20140120$lBLL01$h0218
=CAT  \\$aWR14.046$c20140417$lBLL01$h1726
=CAT  \\$aWR13.144/5$c20140418$lBLL01$h1050
=CAT  \\$aBATCH-RIGH$c20170607$lBLL01$h1816
=CAT  \\$aR1706-1834$c20170629$lBLL01$h1227
=CAT  \\$a5100$b40$c20171024$lBLL01$h1425
=CAT  \\$a1805-0738$c20181228$lBLL01$h1836
=CAT  \\$a1805-0738$b00$c20181228$lBLL01$h1920
=CAT  \\$aW2001-2376$c20200626$lBLL01$h1833
=FIN  \\$aY$d20140120
=LKR  \\$aPAR$lBLL01$r776$b001097181$mHistory of the Royal Irish Rifles. By Lieut-Colonel George Brenton Lawrie. (vol. 2. The History of the first seven Battalions, the Royal Irish Rifles, now the Royal Ulster Rifles, in the Great War. By Cyril Falls.) [With plates and maps.]$nHistory of the Royal Irish Rifles. By Lieut-Colonel George Brenton Lawrie. (vol. 2. The History of the first seven Battalions, the Royal Irish Rifles, now the Royal Ulster Rifles, in the Great War. By Cyril Falls.) [With plates and maps.]
=DGM  \\$a001097181$bCatBridge variable field
=DRT  \\$aWW1
=SRC  \\$aWW1$bEuropeana_Collections_1914-1918_20140113
=OHC  \\$a1
=LAS  \\$aW2001-2376$b00$c20200626$lBLL01$h1833

