=LDR  02079 as a2200541 a 4500
=001  016606629
=003  Uk
=005  20140120021824.0
=007  cr\mn\024mpada
=007  ta
=008  960828d19171917ua\mu\p\s\\\\o00\\a0eng\\
=FMT  \\$a  SE
=019  x\$a0970850026
=040  \\$aUk$cUk$dUk
=110  1\$aGreat Britain.$bArmy.
=245  10$aAlpha (Omega) :$ba monthly magazine of Camp life and doings.
=264  \1$a[Cairo?],$c1917.
=300  \\$av ;$c(4º)
=336  \\$atext$2rdacontent
=337  \\$acomputer$2rdamedia
=338  \\$aonline$2rdacarrier
=340  \\$m4to$2rdabf
=650  \0$aWorld War, 1914-1918$xPropaganda.
=655  \4$aTrench journal
=859  \\$aXLD$bWW1
=852  4\$cDRT$jDigital Store P.P.4039.wes.(7.)$aBritish Library$bHMNTS$3Feb. 1917, May, 1917
=985  \\$aCorrected by BSS-generated file for WR# 08/145
=985  \\$aCorrected by BSS-generated file for WR# 11/211
=985  \\$aCorrected by MS generated file for WR# 12.037
=985  \\$aEnhanced by MS generated file for WR# 12/139
=985  \\$aEnhanced by MS generated file for WR# 13/021
=985  \\$aEnhanced by MS generated file for WR# 13/054
=985  \\$aHeadings: World War, 1914-1918 Propaganda; and Trench journal added globally for the Europeana Project.
=985  \\$aCorrected by MS generated file for WR# 1805-0738
=CAT  \\$aBATCH-DCW$b00$c20140120$lBLL01$h0218
=CAT  \\$aWR14.046$c20140417$lBLL01$h1726
=CAT  \\$aWR13.144/5$c20140418$lBLL01$h1050
=CAT  \\$aBATCH-RIGH$c20170607$lBLL01$h1816
=CAT  \\$aR1706-1834$c20170629$lBLL01$h1227
=CAT  \\$a1805-0738$c20181228$lBLL01$h1836
=CAT  \\$a1805-0738$b00$c20181228$lBLL01$h1920
=FIN  \\$aY$d20140120
=LKR  \\$aPAR$lBLL01$r776$b001098619$mAlpha (Omega) : a monthly magazine of Camp life and doings.$nAlpha (Omega) : a monthly magazine of Camp life and doings.
=DGM  \\$a001098619$bCatBridge variable field
=DRT  \\$aWW1
=SRC  \\$aWW1$bEuropeana_Collections_1914-1918_20140113
=OHC  \\$a1
=LAS  \\$a1805-0738$b00$c20181228$lBLL01$h1920

