=LDR  01987 as a22005173  4500
=001  016606630
=003  Uk
=005  20140120021824.0
=007  cr\mn\024mpada
=008  881229u1917uuuuii\uu\p\s\\\\\00\\a0eng\\
=FMT  \\$a  SE
=019  x\$a1581770162
=040  \\$aUk$cUk
=245  00$a17th Stationary Hospital Gazette. Cumballa War Hospital.
=264  \1$aCumballa,$c1917-.
=300  \\$av :$billustrations ;$c(4º)
=336  \\$atext$2rdacontent
=337  \\$acomputer$2rdamedia
=338  \\$aonline$2rdacarrier
=340  \\$m4to$2rdabf
=362  0\$aNo. 1 (June 1917)-
=650  \0$aMilitary hospitals$zIndia$vPeriodicals.
=650  \0$aWorld War, 1914-1918$xCampaigns$zAsia.
=650  \0$aWorld War, 1914-1918$xHospitals$zIndia$vPeriodicals.
=655  \4$aTrench journal
=710  1\$aINDIA.$bArmy.$bArmy Services.$bMedical Service.$b17th Stationary Hospital (Cumballa)
=859  \\$aXLD$bWW1
=852  4\$cDRT$jDigital Store P.P.4039.wbk.(7.)$aBritish Library$bHMNTS$3No. 1 (June 1917)-
=985  \\$aCorrected by MS generated file for WR# 12.037
=985  \\$aEnhanced by MS generated file for WR# 13/021
=985  \\$aEnhanced by MS generated file for WR# 13/054
=985  \\$aCorrected by MS generated file for WR# 1805-0738
=CAT  \\$aBATCH-DCW$b00$c20140120$lBLL01$h0218
=CAT  \\$aWR14.046$c20140417$lBLL01$h1726
=CAT  \\$aWR13.144/5$c20140418$lBLL01$h1050
=CAT  \\$aBATCH-RIGH$c20170607$lBLL01$h1816
=CAT  \\$aR1706-1834$c20170629$lBLL01$h1227
=CAT  \\$a1805-0738$c20181228$lBLL01$h1836
=CAT  \\$a1805-0738$b00$c20181228$lBLL01$h1920
=FIN  \\$aY$d20140120
=LKR  \\$aPAR$lBLL01$r776$b001795423$m17th Stationary Hospital Gazette. Cumballa War Hospital.$n17th Stationary Hospital Gazette. Cumballa War Hospital.
=DGM  \\$a001795423$bCatBridge variable field
=DRT  \\$aWW1
=SRC  \\$aWW1$bEuropeana_Collections_1914-1918_20140113
=OHC  \\$a1
=LAS  \\$a1805-0738$b00$c20181228$lBLL01$h1920

