=LDR  02495cas a2200613 a 4500
=001  016606631
=003  Uk
=005  20211125084348.0
=007  cr\mn\024mpada
=007  ta
=008  890721d191u19uuenkmr\p\s\\\\\00\\a0eng\\
=FMT  \\$a  SE
=019  x\$a1992760225
=040  \\$aUk$cUk
=110  2\$aWestminster Training College (London, England)
=245  10$aWestminster Training College monthly war bulletin.
=264  \1$a[London] :$bWestminster Training College.
=300  \\$av ;$c(8º)
=310  \\$aMonthly
=336  \\$atext$2rdacontent
=337  \\$acomputer$2rdamedia
=338  \\$aonline$2rdacarrier
=340  \\$m8vo$2rdabf
=500  \\$a"For private circulation among old Westminster College students only."
=500  \\$a"Issued on the first day of each month to Old W's serving in the Forces."
=610  20$aWestminster Training College (London, England)$xAlumni and Alumnae$vPeriodicals.
=650  \0$aWorld War, 1914-1918$vPeriodicals.
=650  \0$aWorld War, 1914-1918$xPropaganda.
=655  \4$aTrench journal
=859  \\$aXLD$bWW1
=852  4\$cDRT$jDigital Store P.P.4039.wcf.(2.)$aBritish Library$bHMNTS$3No. 23 (Sept. 1st 1916) only
=985  \\$a650 0{dollar}aWorld War, 1914-1918{dollar}xPropaganda - Europeana Project LCSH. Propoganda is a point of view not allowed in LCsH.
=985  \\$aCorrected by BSS-generated file for WR# 11/011
=985  \\$aCorrected by MS generated file for WR# 12.037
=985  \\$aEnhanced by MS generated file for WR# 12/139
=985  \\$aEnhanced by MS generated file for WR# 13/021
=985  \\$aEnhanced by MS generated file for WR# 13/054
=985  \\$aCorrected by MS generated file for WR# 1805-0738
=CAT  \\$aBATCH-DCW$b00$c20140120$lBLL01$h0218
=CAT  \\$aWR14.046$c20140417$lBLL01$h1726
=CAT  \\$aWR13.144/5$c20140418$lBLL01$h1050
=CAT  \\$aBATCH-RIGH$c20170607$lBLL01$h1816
=CAT  \\$aR1706-1834$c20170629$lBLL01$h1227
=CAT  \\$a1805-0738$c20181228$lBLL01$h1836
=CAT  \\$a1805-0738$b00$c20181228$lBLL01$h1920
=CAT  \\$a8871$b40$c20211124$lBLL01$h1429
=CAT  \\$a8871$b40$c20211125$lBLL01$h0843
=FIN  \\$aY$d20140120
=LKR  \\$aPAR$lBLL01$r776$b002250114$mWestminster Training College monthly war bulletin.$nWestminster Training College monthly war bulletin.
=DGM  \\$a002250114$bCatBridge variable field
=DRT  \\$aWW1
=SRC  \\$aWW1$bEuropeana_Collections_1914-1918_20140113
=OHC  \\$a1
=LAS  \\$a8871$b40$c20211125$lBLL01$h0843

