=LDR  01797 as a2200505 a 4500
=001  016606632
=003  Uk
=005  20180608101032.0
=007  cr\mn\024mpada
=007  ta
=008  891211d191u19uuenkuu\p\s\\\\\00\\a0eng\\
=FMT  \\$a  SE
=019  x\$a253191031X
=040  \\$aUk$cUk
=245  00$aKhaki and blue homeland magazine.
=264  \1$aLondon :$bPoole and Pemberton,$c[1915]-.
=300  \\$av :$billustrations ;$c(8º)
=336  \\$atext$2rdacontent
=337  \\$acomputer$2rdamedia
=338  \\$aonline$2rdacarrier
=340  \\$m8vo$2rdabf
=655  \4$aPeriodical publications.- London
=655  \4$aTrench journal
=859  \\$aXLD$bWW1
=852  4\$cDRT$jDigital Store P.P.4039.wce.(3.)$aBritish Library$bHMNTS$3October 1915 only
=985  \\$aCorrected by MS generated file for WR# 11/211
=985  \\$aEnhanced by MS generated file for WR# 12/139
=985  \\$aEnhanced by MS generated file for WR# 13/021
=985  \\$aEnhanced by MS generated file for WR# 13/054
=985  \\$aCorrected by MS generated file for WR# 1805-0738
=CAT  \\$aBATCH-DCW$b00$c20140120$lBLL01$h0218
=CAT  \\$aWR14.046$c20140417$lBLL01$h1726
=CAT  \\$aWR13.144/5$c20140418$lBLL01$h1050
=CAT  \\$aBATCH-RIGH$c20170607$lBLL01$h1816
=CAT  \\$aR1706-1834$c20170629$lBLL01$h1227
=CAT  \\$a8874$b40$c20180608$lBLL01$h1010
=CAT  \\$a1805-0738$c20181228$lBLL01$h1836
=CAT  \\$a1805-0738$b00$c20181228$lBLL01$h1920
=FIN  \\$aY$d20140120
=LKR  \\$aPAR$lBLL01$r776$b002847045$mKhaki and blue homeland magazine.$nKhaki and blue homeland magazine.
=DGM  \\$a002847045$bCatBridge variable field
=DRT  \\$aWW1
=SRC  \\$aWW1$bEuropeana_Collections_1914-1918_20140113
=OHC  \\$a1
=LAS  \\$a1805-0738$b00$c20181228$lBLL01$h1920

