=LDR  01692 as a22004573  4500
=001  016606633
=003  Uk
=005  20140120021824.0
=007  cr\mn\024mpada
=008  010809u1914||||enk|||p|s|\\\\||\\||eng\\
=FMT  \\$a  SE
=019  x\$a2540180000
=040  \\$aUk$cUk
=245  04$aThe "Manchester Guardian" History of the War. [With illustrations.]
=264  \1$aManchester ;$aLondon,$c1914-1920.
=300  \\$a9 volumes ;$c(folio)
=336  \\$atext$2rdacontent
=337  \\$acomputer$2rdamedia
=338  \\$aonline$2rdacarrier
=340  \\$mfolio$2rdabf
=650  \0$aWorld War, 1914-1918$xEconomic aspects.
=655  \4$aPeriodical publications.- Manchester
=655  \4$aTrench journal
=740  0\$a[Guardian.]
=859  \\$aXLD$bWW1
=852  4\$cDRT$jDigital Store 9084.h.15$aBritish Library$bHMNTS$31914- 1920 *A=1
=985  \\$aCorrected by MS generated file for WR# 12.037
=985  \\$aEnhanced by MS generated file for WR# 12/139
=985  \\$aCorrected by MS generated file for WR# 1805-0738
=CAT  \\$aBATCH-DCW$b00$c20140120$lBLL01$h0218
=CAT  \\$aWR14.046$c20140417$lBLL01$h1726
=CAT  \\$aWR13.144/5$c20140418$lBLL01$h1050
=CAT  \\$a1805-0738$c20181228$lBLL01$h1836
=CAT  \\$a1805-0738$b00$c20181228$lBLL01$h1920
=FIN  \\$aY$d20140120
=LKR  \\$aPAR$lBLL01$r776$b002857927$mThe "Manchester Guardian" History of the War. [With illustrations.]$nThe "Manchester Guardian" History of the War. [With illustrations.]
=DGM  \\$a002857927$bCatBridge variable field
=DRT  \\$aWW1
=SRC  \\$aWW1$bEuropeana_Collections_1914-1918_20140113
=OHC  \\$a1
=LAS  \\$a1805-0738$b00$c20181228$lBLL01$h1920

