=LDR  01796 am a22005053  4500
=001  016606634
=003  Uk
=005  20140120023150.0
=007  cr\mn\024mpada
=008  871208|1937||||xxu\\\\|s\\\\\|||\||eng\\
=FMT  \\$a  BK
=019  x\$a0112970249
=040  \\$aUk$cUk$dUk
=100  1\$aArmstrong, Elizabeth H.,$d1898-1957.
=245  14$aThe crisis of Quebec, 1914-18 /$cby Elizabeth H. Armstrong.
=260  \\$aNew York :$bColumbia University Press,$c1937.
=300  \\$axii, 270 p. ;$c24 cm.
=336  \\$atext$2rdacontent
=337  \\$acomputer$2rdamedia
=338  \\$aonline$2rdacarrier
=500  \\$aIssued also as thesis (Ph. D.) Columbia University.
=504  \\$aBibliography: p. [251]-257.
=650  \0$aFrench-Canadians.
=650  \0$aWar and society.
=650  \0$aWorld War, 1914-1918$zCanada.
=650  \0$aWorld War, 1914-1918$zQuébec (Province)
=650  \0$aWorld War, 1914-1918.
=655  \4$aBook
=859  \\$aXLD$bWW1
=852  4\$cDRT$jDigital Store 9555.r.24.$aBritish Library$bHMNTS
=985  \\$aCorrected by BSS-generated file for WR# 11/216
=985  \\$aCorrected by MS generated file for WR# 12.037
=985  \\$aEnhanced by MS generated file for WR# 12/139
=CAT  \\$aBATCH-DCW$b00$c20140120$lBLL01$h0231
=CAT  \\$aWR14.046$c20140417$lBLL01$h1726
=CAT  \\$aWR13.144/5$c20140418$lBLL01$h1050
=CAT  \\$aBATCH-RIGH$c20170607$lBLL01$h1816
=CAT  \\$aR1706-1834$c20170629$lBLL01$h1227
=FIN  \\$aY$d20140120
=LKR  \\$aPAR$lBLL01$r776$b000115931$mThe crisis of Quebec, 1914-18 /$nThe crisis of Quebec, 1914-18 /
=DGM  \\$a000115931$bCatBridge variable field
=DRT  \\$aWW1
=SRC  \\$aWW1$bEuropeana_Collections_1914-1918_20140114
=OHC  \\$a1
=LAS  \\$aR1706-1834$b00$c20170629$lBLL01$h1227

