=LDR  01920 am a22005173  4500
=001  016606635
=003  Uk
=005  20200626183319.0
=007  cr\mn\024mpada
=008  871130|1918||||xxu\\\\|s\\\\\|||\||eng\\
=FMT  \\$a  BK
=019  x\$a0243340176
=040  \\$aUk$cUk
=100  1\$aBELTON, James,$cand ODELL (Ernest Gregory)
=245  10$aHunting the Hun ... Illustrated.
=264  \1$aNew York ;$aLondon :$bD. Appleton & Co,$c1918.
=300  \\$a269 pages ;$c(8º)
=336  \\$atext$2rdacontent
=337  \\$acomputer$2rdamedia
=338  \\$aonline$2rdacarrier
=650  \0$aWorld War, 1914-1918$vPersonal narratives.
=655  \4$aBook
=700  1\$aODELL, Ernest Gregory.
=886  2\$2blmarc$a709$b00$aODELL$hErnest Gregory$p09082.d.19.$x2402330031
=859  \\$aXLD$bWW1
=852  4\$cDRT$jDigital Store 09082.d.19.$aBritish Library$bHMNTS
=985  \\$aCorrected by MS generated file for WR# 11/211
=985  \\$aEnhanced by MS generated file for WR# 12/139
=985  \\$aEnhanced by MS generated file for WR# 13/021
=985  \\$aEnhanced by MS generated file for WR# 13/054
=985  \\$aCorrected by MS generated file for WR# 1805-0738
=CAT  \\$aBATCH-DCW$b00$c20140120$lBLL01$h0231
=CAT  \\$aBATCH-DCW$b00$c20140120$lBLL01$h1108
=CAT  \\$aWR14.046$c20140417$lBLL01$h1726
=CAT  \\$aWR13.144/5$c20140418$lBLL01$h1050
=CAT  \\$a1805-0738$c20181228$lBLL01$h1836
=CAT  \\$a1805-0738$b00$c20181228$lBLL01$h1920
=CAT  \\$aW2001-2376$c20200626$lBLL01$h1833
=FIN  \\$aY$d20140120
=LKR  \\$aPAR$lBLL01$r776$b000265437$mHunting the Hun ... Illustrated.$nHunting the Hun ... Illustrated.
=DGM  \\$a000265437$bCatBridge variable field
=DRT  \\$aWW1
=SRC  \\$aWW1$bEuropeana_Collections_1914-1918_20140114
=SRC  \\$aWW1$bEuropeana_Collections_1914-1918_20140117
=OHC  \\$a1
=LAS  \\$aW2001-2376$b00$c20200626$lBLL01$h1833

