=LDR  02484 am a22005413  4500
=001  016606636
=003  Uk
=005  20140120023150.0
=007  cr\mn\024mpada
=008  880111|1916||||xxc\\\\|s\\\\\|||\||fre\\
=FMT  \\$a  BK
=019  x\$a039211027X
=040  \\$aUk$cUk
=100  1\$aBourassa, Henri,$d1868-1952.
=245  13$aLe problème de l'empire: indépendance ou association impériale?$bÉtude critique du livre de M. Lionel Curtis: The problem of the commonwealth.
=260  \\$aMontréal :$bÉditions du Devoir,$c1916.
=300  \\$a44 p. ;$c23 cm.
=336  \\$atext$2rdacontent
=337  \\$acomputer$2rdamedia
=338  \\$aonline$2rdacarrier
=500  \\$a"Cette étude a paru dans le Devoir, par tranches, du 28 septembre au 9 octobre 1916."
=600  10$aCurtis, Lionel.$tProblem of the commonwealth.
=600  16$aCurtis, Lionel,$d1872-1955.
=650  \0$aImperial federation.
=650  \0$aIntellectual life.
=650  \0$aWorld War, 1914-1918$xMoral and ethical aspects.
=651  \0$aGreat Britain$xColonies.
=651  \0$aGreat Britain$xPolitics and government.
=655  \4$aBook
=700  1\$aCurtis, Lionel,$d1872-1955.$tThe Problem of the Commonwealth.
=859  \\$aXLD$bWW1
=886  2\$2blmarc$a709$b00$aCURTIS$hLionel George$tThe Problem of the Commonwealth. [By L. G. Curtis. With charts and a map.]$pX.709/18479.$x0743730240
=852  4\$cDRT$jDigital Store X.709/18479.$aBritish Library$bHMNTS
=985  \\$aCorrected by BSS-generated file for WR# 10/172
=985  \\$aCorrected by MS generated file for WR# 12.037
=985  \\$aEnhanced by MS generated file for WR# 12/139
=985  \\$aEnhanced by MS generated file for WR# 13/021
=985  \\$aEnhanced by MS generated file for WR# 13/054
=CAT  \\$aBATCH-DCW$b00$c20140120$lBLL01$h0231
=CAT  \\$aWR14.046$c20140417$lBLL01$h1726
=CAT  \\$aWR13.144/5$c20140418$lBLL01$h1050
=FIN  \\$aY$d20140120
=LKR  \\$aPAR$lBLL01$r776$b000432151$mLe problème de l'empire: indépendance ou association impériale? Étude critique du livre de M. Lionel Curtis: The problem of the commonwealth.$nLe problème de l'empire: indépendance ou association impériale? Étude critique du livre de M. Lionel Curtis: The problem of the commonwealth.
=DGM  \\$a000432151$bCatBridge variable field
=DRT  \\$aWW1
=SRC  \\$aWW1$bEuropeana_Collections_1914-1918_20140114
=OHC  \\$a1
=LAS  \\$aWR13.144/5$b00$c20140418$lBLL01$h1050

