=LDR  02312 am a22005293  4500
=001  016606637
=003  Uk
=005  20200626183319.0
=007  cr\mn\024mpada
=008  880209|1917||||enk\\\\|s\\\\\|||\||eng\\
=FMT  \\$a  BK
=019  x\$a0521260094
=040  \\$aUk$cUk
=100  1\$aCAMPBELL, G. L.,$cCaptain, R.F.A., T.F.
=245  10$aRoyal Flying Corps ... Military Wing. Casualties and Honours during the war of 1914-17. Compiled by Captain G. L. Campbell ... assisted by R. H. Blinkhorn.
=264  \1$aLondon :$bPicture Advertising Co,$c1917.
=300  \\$a250 pages ;$c(8º)
=336  \\$atext$2rdacontent
=337  \\$acomputer$2rdamedia
=338  \\$aonline$2rdacarrier
=650  \0$aWorld War, 1914-1918$xAerial operations
=655  \4$aBook
=700  1\$aBLINKHORN, R. H.
=859  \\$aXLD$bWW1
=886  2\$2blmarc$a709$b00$aBLINKHORN$hR. H.$p9083.aa.8.$x0343670119
=852  4\$cDRT$jDigital Store 9083.aa.8.$aBritish Library$bHMNTS
=985  \\$aCorrected by BSS-generated file for WR# 11/211
=985  \\$aCorrected by MS generated file for WR# 12.037
=985  \\$aEnhanced by MS generated file for WR# 12/139
=985  \\$aEnhanced by MS generated file for WR# 13/021
=985  \\$aEnhanced by MS generated file for WR# 13/054
=985  \\$aCorrected by MS generated file for WR# 1805-0738
=CAT  \\$aBATCH-DCW$b00$c20140120$lBLL01$h0231
=CAT  \\$aWR14.046$c20140417$lBLL01$h1726
=CAT  \\$aWR13.144/5$c20140418$lBLL01$h1050
=CAT  \\$aBATCH-RIGH$c20170607$lBLL01$h1816
=CAT  \\$aR1706-1834$c20170629$lBLL01$h1227
=CAT  \\$a1805-0738$c20181228$lBLL01$h1836
=CAT  \\$a1805-0738$b00$c20181228$lBLL01$h1920
=CAT  \\$aW2001-2376$c20200626$lBLL01$h1833
=FIN  \\$aY$d20140120
=LKR  \\$aPAR$lBLL01$r776$b000584927$mRoyal Flying Corps ... Military Wing. Casualties and Honours during the war of 1914-17. Compiled by Captain G. L. Campbell ... assisted by R. H. Blinkhorn.$nRoyal Flying Corps ... Military Wing. Casualties and Honours during the war of 1914-17. Compiled by Captain G. L. Campbell ... assisted by R. H. Blinkhorn.
=DGM  \\$a000584927$bCatBridge variable field
=DRT  \\$aWW1
=SRC  \\$aWW1$bEuropeana_Collections_1914-1918_20140114
=OHC  \\$a1
=LAS  \\$aW2001-2376$b00$c20200626$lBLL01$h1833

