=LDR  02450 am a22004933  4500
=001  016606638
=003  Uk
=005  20200626183319.0
=007  cr\mn\024mpada
=008  931021|1921||||enk\\\\|s\\\\o|||\||eng\\
=FMT  \\$a  BK
=019  x\$a0963890247
=040  \\$aUk$cUk
=110  1\$aGreat Britain.$bAir Ministry.
=240  10$aRegulations, Orders and Manuals. II.. Pensions
=245  10$aOrder by His Majesty for the Retired Pay of Officers ... disabled, and for the pensions of the families and relatives of officers deceased, and for the pensions of nurses disabled and of the relatives of nurses deceased, in consequence of the Great War, etc.
=264  \1$aLondon,$c1921.
=300  \\$a18 pages ;$c(folio)
=336  \\$atext$2rdacontent
=337  \\$acomputer$2rdamedia
=338  \\$aonline$2rdacarrier
=650  \0$aWorld War, 1914-1918$xMedical care
=655  \4$aOfficial document
=859  \\$aXLD$bWW1
=852  4\$cDRT$jDigital Store 8822.k.17.$aBritish Library$bHMNTS
=985  \\$aCorrected by BSS-generated file for WR# 11/124
=985  \\$aCorrected by MS generated file for WR# 12.037
=985  \\$aEnhanced by MS generated file for WR# 12/139
=985  \\$aEnhanced by MS generated file for WR# 13/021
=985  \\$aEnhanced by MS generated file for WR# 13/054
=985  \\$aCorrected by MS generated file for WR# 1805-0738
=CAT  \\$aBATCH-DCW$b00$c20140120$lBLL01$h0231
=CAT  \\$aWR14.046$c20140417$lBLL01$h1726
=CAT  \\$aWR13.144/5$c20140418$lBLL01$h1050
=CAT  \\$a1805-0738$c20181228$lBLL01$h1836
=CAT  \\$a1805-0738$b00$c20181228$lBLL01$h1920
=CAT  \\$aW2001-2376$c20200626$lBLL01$h1833
=FIN  \\$aY$d20140120
=LKR  \\$aPAR$lBLL01$r776$b001093047$mOrder by His Majesty for the Retired Pay of Officers ... disabled, and for the pensions of the families and relatives of officers deceased, and for the pensions of nurses disabled and of the relatives of nurses deceased, in consequence of the Great War, etc.$nOrder by His Majesty for the Retired Pay of Officers ... disabled, and for the pensions of the families and relatives of officers deceased, and for the pensions of nurses disabled and of the relatives of nurses deceased, in consequence of the Great War, etc.
=DGM  \\$a001093047$bCatBridge variable field
=DRT  \\$aWW1
=SRC  \\$aWW1$bEuropeana_Collections_1914-1918_20140114
=OHC  \\$a1
=LAS  \\$aW2001-2376$b00$c20200626$lBLL01$h1833

