=LDR  01896 am a22004813  4500
=001  016606639
=003  Uk
=005  20200626183319.0
=007  cr\mn\024mpada
=008  880726|1922||||stk\\\\|s\\\\o|||\||eng\\
=FMT  \\$a  BK
=019  x\$a0964420244
=040  \\$aUk$cUk
=110  1\$aGreat Britain.$bArmy.$bDivision, 18th.
=245  14$aThe 18th Division in the Great War. By G. H. F. Nichols. [With plates and maps.]
=264  \1$aEdinburgh ;$aLondon :$bW. Blackwood & Sons,$c1922.
=300  \\$axvi, 485 pages ;$c(8º)
=336  \\$atext$2rdacontent
=337  \\$acomputer$2rdamedia
=338  \\$aonline$2rdacarrier
=650  \0$aRegimental histories
=655  \4$aBook
=700  1\$aNICHOLS, George Herbert Fosdike.
=859  \\$aXLD$bWW1
=886  2\$2blmarc$a709$b00$aNICHOLS$hGeorge Herbert Fosdike$p09084.bb.41.$x2361970139
=852  4\$cDRT$jDigital Store 09084.bb.41.$aBritish Library$bHMNTS
=985  \\$aCorrected by BSS-generated file for WR# 08/145
=985  \\$aCorrected by BSS-generated file for WR# 11/211
=985  \\$aEnhanced by MS generated file for WR# 12/139
=985  \\$aCorrected by MS generated file for WR# 1805-0738
=CAT  \\$aBATCH-DCW$b00$c20140120$lBLL01$h0231
=CAT  \\$aWR14.046$c20140417$lBLL01$h1726
=CAT  \\$aWR13.144/5$c20140418$lBLL01$h1050
=CAT  \\$a1805-0738$c20181228$lBLL01$h1836
=CAT  \\$a1805-0738$b00$c20181228$lBLL01$h1920
=CAT  \\$aW2001-2376$c20200626$lBLL01$h1833
=FIN  \\$aY$d20140120
=LKR  \\$aPAR$lBLL01$r776$b001094758$mThe 18th Division in the Great War. By G. H. F. Nichols. [With plates and maps.]$nThe 18th Division in the Great War. By G. H. F. Nichols. [With plates and maps.]
=DGM  \\$a001094758$bCatBridge variable field
=DRT  \\$aWW1
=SRC  \\$aWW1$bEuropeana_Collections_1914-1918_20140114
=OHC  \\$a1
=LAS  \\$aW2001-2376$b00$c20200626$lBLL01$h1833

