=LDR  02149cam a22005293  4500
=001  016606641
=003  Uk
=005  20220908100740.0
=007  cr\mn\024mpada
=008  890717s1921\\\\enka\\\\s\\\\\|||\||eng\\
=FMT  \\$a  BK
=019  x\$a2342930062
=040  \\$aUk$beng$cUk$dUk
=245  04$aThe German Air Force in the Great War /$ccompiled by Major Georg Paul Neumann (late of the German Air Force) from the records and with the assistance of 29 officers and officials of the naval and military air services ; translated [and abridged] by J.E. Gurdon.
=264  \1$aLondon :$bHodder and Stoughton,$c[1921]
=300  \\$axvi, 297 pages :$billustrations ;$c(8º)
=336  \\$atext$2rdacontent
=337  \\$acomputer$2rdamedia
=338  \\$aonline$2rdacarrier
=650  \0$aWorld War, 1914-1918$xAerial operations
=655  \4$aBook
=700  1\$aNeumann, Georg Paul,$d1878-
=700  1\$aGURDON, John Everard.
=859  \\$aXLD$bWW1
=852  4\$cDRT$jDigital Store 09084.bb.20.$aBritish Library$bHMNTS
=985  \\$aCorrected by BSS-generated file for WR# 11/211
=985  \\$aCorrected by MS generated file for WR# 12.037
=985  \\$aEnhanced by MS generated file for WR# 12/139
=985  \\$aCorrected by MS generated file for WR# 1805-0738
=CAT  \\$aBATCH-DCW$b00$c20140120$lBLL01$h0231
=CAT  \\$aWR14.046$c20140417$lBLL01$h1726
=CAT  \\$aWR13.144/5$c20140418$lBLL01$h1050
=CAT  \\$aBATCH-RIGH$c20170607$lBLL01$h1816
=CAT  \\$aR1706-1834$c20170629$lBLL01$h1227
=CAT  \\$a1805-0738$c20181228$lBLL01$h1836
=CAT  \\$a1805-0738$b00$c20181228$lBLL01$h1920
=CAT  \\$aW2001-2376$c20200626$lBLL01$h1833
=CAT  \\$a8874$b40$c20220908$lBLL01$h1001
=CAT  \\$a8874$b40$c20220908$lBLL01$h1006
=CAT  \\$a8874$b40$c20220908$lBLL01$h1007
=FIN  \\$aY$d20140120
=LKR  \\$aPAR$lBLL01$r776$b002629330$mThe German Air Force in the Great War$nThe German Air Force in the Great War
=DGM  \\$a002629330$bCatBridge variable field
=DRT  \\$aWW1
=SRC  \\$aWW1$bEuropeana_Collections_1914-1918_20140114
=OHC  \\$a1
=LAS  \\$a8874$b40$c20220908$lBLL01$h1007

