=LDR  01566 am a2200409 a 4500
=001  016606643
=003  Uk
=005  20140120023151.0
=007  cr\mn\024mpada
=008  901203s1916\\\\xxc\\\\\s\\\\\000\0\fre\\
=FMT  \\$a  BK
=019  x\$a3615450094
=040  \\$aUk$cUk$dUk
=100  1\$aBourassa, Henri,$d1868-1952.
=245  13$aLe Devoir et la guerre, le conflict des races :$bdiscours prononce au banquet des amis Devoir, le 12 janvier 1916.
=260  \\$aMontreal :$bImpr du Devoir,$c1916.
=300  \\$a3 p.l., 45 p. ;$c24 cm.
=336  \\$atext$2rdacontent
=337  \\$acomputer$2rdamedia
=338  \\$aonline$2rdacarrier
=630  30$aLe Devoir.
=650  \0$aIntellectual life.
=650  \0$aWorld War, 1914-1918$xMoral and ethical aspects.
=650  \0$aWorld War, 1914-1918$zCanada.
=655  \4$aBook
=859  \\$aXLD$bWW1
=852  4\$cDRT$jDigital Store X.800/30355.$aBritish Library$bHMNTS
=CAT  \\$aBATCH-DCW$b00$c20140120$lBLL01$h0231
=CAT  \\$aWR14.046$c20140417$lBLL01$h1726
=CAT  \\$aWR13.144/5$c20140418$lBLL01$h1050
=FIN  \\$aY$d20140120
=LKR  \\$aPAR$lBLL01$r776$b004039218$mLe Devoir et la guerre, le conflict des races : discours prononce au banquet des amis Devoir, le 12 janvier 1916.$nLe Devoir et la guerre, le conflict des races : discours prononce au banquet des amis Devoir, le 12 janvier 1916.
=DGM  \\$a004039218$bCatBridge variable field
=DRT  \\$aWW1
=SRC  \\$aWW1$bEuropeana_Collections_1914-1918_20140114
=OHC  \\$a1
=LAS  \\$aWR13.144/5$b00$c20140418$lBLL01$h1050

