=LDR  01841 am a22004573  4500
=001  016606644
=003  Uk
=005  20140120023151.0
=007  cr\mn\024mpada
=008  901203|1915||||xxc\\\\|s\\\\\|||\||fre\\
=FMT  \\$a  BK
=019  x\$a3615450116
=040  \\$aUk$cUk
=100  1\$aBourassa, Henri,$d1868-1952.
=245  13$aLa langue française au Canada :$bses droits, sa nécessité, ses avantages /$cHenri Bourassa ...
=260  \\$aMontreal :$bImprismerie du Devoir,$c[1915?]
=300  \\$av, 53 p. ;$c23 cm.
=336  \\$atext$2rdacontent
=337  \\$acomputer$2rdamedia
=338  \\$aonline$2rdacarrier
=500  \\$a"Discours prononcé au Monument National, le 19 mai 1915 sous les auspices du Comité régional de Montréal de l'A. C. J. C.
=650  \0$aFrench language$zCanada
=650  \0$aIntellectual life.
=650  \0$aWorld War, 1914-1918$xMoral and ethical aspects.
=655  \4$aBook
=859  \\$aXLD$bWW1
=852  4\$cDRT$jDigital Store X.950/3798.$aBritish Library$bHMNTS
=985  \\$aCorrected by MS generated file for WR# 12.037
=985  \\$aEnhanced by MS generated file for WR# 12/139
=985  \\$aEnhanced by MS generated file for WR# 13/021
=985  \\$aEnhanced by MS generated file for WR# 13/054
=CAT  \\$aBATCH-DCW$b00$c20140120$lBLL01$h0231
=CAT  \\$aWR14.046$c20140417$lBLL01$h1726
=CAT  \\$aWR13.144/5$c20140418$lBLL01$h1050
=FIN  \\$aY$d20140120
=LKR  \\$aPAR$lBLL01$r776$b004039220$mLa langue française au Canada : ses droits, sa nécessité, ses avantages /$nLa langue française au Canada : ses droits, sa nécessité, ses avantages /
=DGM  \\$a004039220$bCatBridge variable field
=DRT  \\$aWW1
=SRC  \\$aWW1$bEuropeana_Collections_1914-1918_20140114
=OHC  \\$a1
=LAS  \\$aWR13.144/5$b00$c20140418$lBLL01$h1050

