=LDR  01748 am a22004693  4500
=001  016606645
=003  Uk
=005  20140120023151.0
=007  cr\mn\024mpada
=008  901203|1914||||xxc\\\\|s\\\\\|||\||fre\\
=FMT  \\$a  BK
=019  x\$a3615450132
=040  \\$aUk$cUk
=100  1\$aBourassa, Henri,$d1868-1952.
=245  13$aLa politique de l'Angleterre avant et après la guerre /$cpar Henri Bourassa.
=260  \\$aMontréal :$bImprimerie du Devoir,$c1914.
=300  \\$a[1], vi, 53 p. ;$c21 cm.
=336  \\$atext$2rdacontent
=337  \\$acomputer$2rdamedia
=338  \\$aonline$2rdacarrier
=500  \\$aAt head of title: Une page d'histoire.
=500  \\$aIncludes articles from Le Devoir.
=650  \0$aIntellectual life.
=650  \0$aWorld War, 1914-1918$xCauses.
=650  \0$aWorld War, 1914-1918$xMoral and ethical aspects.
=651  \0$aGreat Britain$xForeign relations$y20th century.
=655  \4$aBook
=859  \\$aXLD$bWW1
=852  4\$cDRT$jDigital Store X.809/47528.$aBritish Library$bHMNTS
=985  \\$aEnhanced by MS generated file for WR# 12/139
=985  \\$aEnhanced by MS generated file for WR# 13/021
=985  \\$aEnhanced by MS generated file for WR# 13/054
=CAT  \\$aBATCH-DCW$b00$c20140120$lBLL01$h0231
=CAT  \\$aWR14.046$c20140417$lBLL01$h1726
=CAT  \\$aWR13.144/5$c20140418$lBLL01$h1050
=FIN  \\$aY$d20140120
=LKR  \\$aPAR$lBLL01$r776$b004039222$mLa politique de l'Angleterre avant et après la guerre /$nLa politique de l'Angleterre avant et après la guerre /
=DGM  \\$a004039222$bCatBridge variable field
=DRT  \\$aWW1
=SRC  \\$aWW1$bEuropeana_Collections_1914-1918_20140114
=OHC  \\$a1
=LAS  \\$aWR13.144/5$b00$c20140418$lBLL01$h1050

