=LDR  02671 am a22005533  4500
=001  016606646
=003  Uk
=005  20140120023151.0
=007  cr\mn\024mpada
=008  960520|1926||||xxc\\\\|s\\\\o|||\||eng\\
=FMT  \\$a  BK
=019  x\$a3621060022
=040  \\$aUk$cUk
=110  1\$aCanada.$bCanadian Army.$bCanadian Grenadier Guards.
=245  12$aA brief outline of the story of the Canadian Grenadier Guards and the first months of the Royal Montreal Regiment in the Great War;$btold in an anthology of verse and prose.$cComp. by an officer of the Guards [i.e. F. S. Meighen], etc.
=260  \\$aMontreal :$bGazette Printing Co.,$c1926.
=300  \\$a75 p. :$bmap ;$c22 cm.
=336  \\$atext$2rdacontent
=337  \\$acomputer$2rdamedia
=338  \\$aonline$2rdacarrier
=500  \\$a"Printed for private circulation.".
=610  10$aCanada.$bCanadian Army.$bCanadian Grenadier Guards.
=610  10$aCanada.$bCanadian Army.$bRoyal Montreal Regiment.
=650  \0$aRegimental histories.
=650  \0$aWorld War, 1914-1918$xRegimental histories$zCanada.
=650  \0$aWorld War, 1914-1918.
=655  \4$aBook
=700  1\$aMeighen, Frank Stephen.
=859  \\$aXLD$bWW1
=886  2\$2blmarc$a709$b00$aCANADA$dDepartments of State and Official Bodies$dArmy$dInfantry$d14th Battalion (Royal Montreal Regiment)$pX.809/47377.$x3621060014
=886  2\$2blmarc$a709$b00$aMEIGHEN$hFrank Stephen$pX.809/47377.$x365331013X
=852  4\$cDRT$jDigital Store X.809/47377.$aBritish Library$bHMNTS
=985  \\$aCorrected by BSS-generated file
=985  \\$aCorrected by MS generated file for WR# 12.037
=985  \\$aEnhanced by MS generated file for WR# 12/139
=985  \\$aEnhanced by MS generated file for WR# 13/021
=985  \\$aEnhanced by MS generated file for WR# 13/054
=CAT  \\$aBATCH-DCW$b00$c20140120$lBLL01$h0231
=CAT  \\$aWR14.046$c20140417$lBLL01$h1726
=CAT  \\$aWR13.144/5$c20140418$lBLL01$h1050
=CAT  \\$aBATCH-RIGH$c20170607$lBLL01$h1816
=CAT  \\$aR1706-1834$c20170629$lBLL01$h1227
=FIN  \\$aY$d20140120
=LKR  \\$aPAR$lBLL01$r776$b004041583$mA brief outline of the story of the Canadian Grenadier Guards and the first months of the Royal Montreal Regiment in the Great War; told in an anthology of verse and prose.$nA brief outline of the story of the Canadian Grenadier Guards and the first months of the Royal Montreal Regiment in the Great War; told in an anthology of verse and prose.
=DGM  \\$a004041583$bCatBridge variable field
=DRT  \\$aWW1
=SRC  \\$aWW1$bEuropeana_Collections_1914-1918_20140114
=OHC  \\$a1
=LAS  \\$aR1706-1834$b00$c20170629$lBLL01$h1227

