=LDR  01904 am a22004573  4500
=001  016606647
=003  Uk
=005  20140120023151.0
=007  cr\mn\024mpada
=008  840925s1927\\\\xxc\\\\|s\\\\\|||\||eng\\
=FMT  \\$a  BK
=019  x\$a3792047551
=040  \\$aUk$cUk
=110  2\$aArmy (Canada).$bInfantry.$b14th Battalion (Royal Montreal Regiment)
=245  14$aThe Royal Montreal Regiment, 14th Battalion, C.E.F., 1914-1925. Edited and compiled by R.C. Fetherstonhaugh.
=260  \\$aMontreal :$bRoyal Montreal Regiment,$c1927.
=300  \\$axv, 334 p. :$bill., fold. maps ;$c24 cm.
=336  \\$atext$2rdacontent
=337  \\$acomputer$2rdamedia
=338  \\$aonline$2rdacarrier
=610  10$aCanada.$bCanadian Army.$bRoyal Montreal Regiment.
=650  \0$aRegimental histories.
=650  \0$aWorld War, 1914-1918$xRegimental histories$zCanada$xRoyal Montreal Regiment.
=650  \0$aWorld War, 1914-1918.
=655  \4$aBook
=700  1\$aFetherstonhaugh, R. C.$q(Robert Collier),$d1892-1949.
=859  \\$aXLD$bWW1
=852  4\$cDRT$jDigital Store X.800/38237$aBritish Library$bHMNTS
=985  \\$aCorrected by MS generated file for WR# 12.037
=CAT  \\$aBATCH-DCW$b00$c20140120$lBLL01$h0231
=CAT  \\$aWR14.046$c20140417$lBLL01$h1726
=CAT  \\$aWR13.144/5$c20140418$lBLL01$h1050
=CAT  \\$aBATCH-RIGH$c20170607$lBLL01$h1816
=CAT  \\$aR1706-1834$c20170629$lBLL01$h1227
=FIN  \\$aY$d20140120
=LKR  \\$aPAR$lBLL01$r776$b004097640$mThe Royal Montreal Regiment, 14th Battalion, C.E.F., 1914-1925. Edited and compiled by R.C. Fetherstonhaugh.$nThe Royal Montreal Regiment, 14th Battalion, C.E.F., 1914-1925. Edited and compiled by R.C. Fetherstonhaugh.
=DGM  \\$a004097640$bCatBridge variable field
=DRT  \\$aWW1
=SRC  \\$aWW1$bEuropeana_Collections_1914-1918_20140114
=OHC  \\$a1
=LAS  \\$aR1706-1834$b00$c20170629$lBLL01$h1227

