=LDR  01785 am a22004933  4500
=001  016606744
=003  Uk
=005  20200626183319.0
=007  cr\mn\024mpada
=008  890621|1923||||enk\\\\|s\\\\\|||\||eng\\
=FMT  \\$a  BK
=019  x\$a2251050299
=040  \\$aUk$cUk
=100  1\$aMontague, C. E.$q(Charles Edward),$d1867-1928.
=245  10$aFiery Particles. [Tales.]
=264  \1$aLondon :$bChatto & Windus,$c1923.
=300  \\$aix, 233 pages ;$c(8º)
=336  \\$atext$2rdacontent
=337  \\$acomputer$2rdamedia
=338  \\$aonline$2rdacarrier
=650  \0$aWorld War, 1914-1918$xLiterature and the war.
=655  \4$aBook
=787  0\$tFiery Particles.$w(Uk)MP1.0002685139.1$dLondon, 1951. 8º.
=859  \\$aXLD$bWW1
=852  4\$cDRT$jDigital Store 012629.aa.48.$aBritish Library$bHMNTS
=985  \\$aCorrected by MS generated file for WR# 12.037
=985  \\$aDisaggregated record: Type B
=985  \\$aEnhanced by MS generated file for WR# 12/139
=985  \\$aEnhanced by MS generated file for WR# 13/021
=985  \\$aEnhanced by MS generated file for WR# 13/054
=985  \\$aCorrected by MS generated file for WR# 1805-0738
=CAT  \\$aBATCH-DCW$b00$c20140120$lBLL01$h1049
=CAT  \\$aWR14.046$c20140417$lBLL01$h1726
=CAT  \\$aWR13.144/5$c20140418$lBLL01$h1050
=CAT  \\$a1805-0738$c20181228$lBLL01$h1836
=CAT  \\$a1805-0738$b00$c20181228$lBLL01$h1920
=CAT  \\$aW2001-2376$c20200626$lBLL01$h1833
=FIN  \\$aY$d20140120
=LKR  \\$aPAR$lBLL01$r776$b002530278$mFiery Particles. [Tales.]$nFiery Particles. [Tales.]
=DGM  \\$a002530278$bCatBridge variable field
=DRT  \\$aWW1
=SRC  \\$aWW1$bEuropeana_Collections_1914-1918_20140116
=OHC  \\$a1
=LAS  \\$aW2001-2376$b00$c20200626$lBLL01$h1833

