=LDR  01726cam a22004813  4500
=001  016606772
=003  Uk
=005  20220225184916.0
=007  cr\mn\024mpada
=008  880629|1912||||enk\\\\|s\\\\\|||\||eng\\
=FMT  \\$a  BK
=019  x\$a099170018X
=040  \\$aUk$cUk
=110  2\$aChurch of England.$bPeace League.
=245  10$aPamphlet. no. 1(-14.).
=264  \1$aLondon,$c[1912, 17]
=300  \\$c(8º)
=336  \\$atext$2rdacontent
=337  \\$acomputer$2rdamedia
=338  \\$aonline$2rdacarrier
=859  \\$aXLD$bWW1
=883  0\$aLanguage codes assigned by Bayesian analysis of words present in record$d20201028$qUk$c0.9010
=852  4\$aBritish Library$bHMNTS$cDRT$jDigital Store 08425.h.37.(1.)
=985  \\$aCorrected by MS generated file for WR# 11/211
=985  \\$aEnhanced by MS generated file for WR# 12/139
=985  \\$aCorrected by MS generated file for WR# 1805-0738
=CAT  \\$aBATCH-DCW$b00$c20140120$lBLL01$h1104
=CAT  \\$aWR14.046$c20140417$lBLL01$h1726
=CAT  \\$aWR13.144/5$c20140418$lBLL01$h1050
=CAT  \\$aBATCH-UPD$b00$c20150520$lBLL01$h1028
=CAT  \\$aBATCH-RIGH$c20170607$lBLL01$h1816
=CAT  \\$aR1706-1834$c20170629$lBLL01$h1227
=CAT  \\$a1805-0738$c20181228$lBLL01$h1836
=CAT  \\$a1805-0738$b00$c20181228$lBLL01$h1920
=CAT  \\$aW2001-2376$c20200626$lBLL01$h1833
=CAT  \\$aW2201-1476$b00$c20220225$lBLL01$h1849
=FIN  \\$aY$d20140120
=LKR  \\$aPAR$lBLL01$r776$b001124136$mPamphlet. no. 1(-14.).$nPamphlet. no. 1(-14.).
=DGM  \\$a001124136$bCatBridge variable field
=DRT  \\$aWW1
=SRC  \\$aWW1$bEuropeana_Collections_1914-1918_20140117
=OHC  \\$a2
=LAS  \\$aW2201-1476$b00$c20220225$lBLL01$h1849

