=LDR  01787 am a22005053  4500
=001  016606774
=003  Uk
=005  20200626183319.0
=007  cr\mn\024mpada
=008  880725|1922||||enk\\\\|s\\\\\|||\||eng\\
=FMT  \\$a  BK
=019  x\$a0793370140
=040  \\$aUk$cUk
=100  1\$aDelafield, E. M.,$d1890-1943.
=240  10$aSingle Works
=245  14$aThe Optimist.
=264  \1$aLondon :$bHutchinson & Co,$c[1922]
=300  \\$a286 pages ;$c(8º)
=336  \\$atext$2rdacontent
=337  \\$acomputer$2rdamedia
=338  \\$aonline$2rdacarrier
=650  \0$aWorld War, 1914-1918$xLiterature and the war.
=655  \4$aBook
=775  0\$t[The Optimist.]$w(Uk)MP1.0000943041.1$dpp. 297. Macmillan & Co.: London, 1930. 8º.
=859  \\$aXLD$bWW1
=852  4\$cDRT$jDigital Store NN.8130.$aBritish Library$bHMNTS
=985  \\$aCorrected by BSS-generated file for WR# 11/160
=985  \\$aCorrected by MS generated file for WR# 12.037
=985  \\$aDisaggregated record: Type B
=985  \\$aEnhanced by MS generated file for WR# 12/139
=985  \\$aCorrected by MS generated file for WR# 1805-0738
=CAT  \\$aBATCH-DCW$b00$c20140120$lBLL01$h1105
=CAT  \\$aWR14.046$c20140417$lBLL01$h1726
=CAT  \\$aWR13.144/5$c20140418$lBLL01$h1050
=CAT  \\$a1805-0738$c20181228$lBLL01$h1836
=CAT  \\$a1805-0738$b00$c20181228$lBLL01$h1920
=CAT  \\$aW2001-2376$c20200626$lBLL01$h1833
=FIN  \\$aY$d20140120
=LKR  \\$aPAR$b000896731$r775$mThe Optimist.$n[The Optimist.]
=LKR  \\$aPAR$lBLL01$r776$b000896730$mThe Optimist.$nThe Optimist.
=DGM  \\$a000896730$bCatBridge variable field
=DRT  \\$aWW1
=SRC  \\$aWW1$bEuropeana_Collections_1914-1918_20140117
=OHC  \\$a1
=LAS  \\$aW2001-2376$b00$c20200626$lBLL01$h1833

