=LDR  02630 am a22005773  4500
=001  016606775
=003  Uk
=005  20200626183319.0
=007  cr\mn\024mpada
=008  880718|1923||||xxu\\\\|s\\\\o|||\||eng\\
=FMT  \\$a  BK
=019  x\$a0970110189
=040  \\$aUk$cUk
=110  1\$aGreat Britain.$bArmy.$bInfantry.$bRegiments.$bFoot Guards.$bIrish Guards.
=245  15$a[The Irish Guards in the Great War. Edited and compiled ... by Rudyard Kipling. [With maps.]]
=250  \\$a[Another edition.] The Irish Guards in the Great War ... Edited and compiled ... by Rudyard Kipling.
=264  \1$aGarden City, New York :$bDoubleday, Page & Co,$c1923.
=300  \\$a2 volumes ;$c(8º)
=336  \\$atext$2rdacontent
=337  \\$acomputer$2rdamedia
=338  \\$aonline$2rdacarrier
=650  \0$aRegimental histories
=655  \4$abook
=700  1\$aKipling, Rudyard,$d1865-1936.$tSingle Works.
=787  0\$tThe Irish Guards in the Great War. Edited and compiled ... by Rudyard Kipling. [With maps.]$w(Uk)MP1.0001152647$d2 vol. Macmillan & Co.: London, 1923. 8º.
=859  \\$aXLD$bWW1
=886  2\$2blmarc$a709$b00$aKIPLING$hRudyard$tSingle Works$pFile498.$x1750330156$pFile505.$x1750330156$p09084.c.43.$x1750330156
=852  4\$cDRT$jDigital Store File505.$aBritish Library$bHMNTS
=985  \\$aCorrected by BSS-generated file
=985  \\$aCorrected by BSS-generated file for WR# 08/145
=985  \\$aCorrected by MS generated file for WR# 11/211
=985  \\$aEnhanced by MS generated file for WR# 12/139
=985  \\$aEnhanced by MS generated file for WR# 13/021
=985  \\$aEnhanced by MS generated file for WR# 13/054
=985  \\$aCorrected by MS generated file for WR# 1805-0738
=CAT  \\$aBATCH-DCW$b00$c20140120$lBLL01$h1105
=CAT  \\$aWR14.046$c20140417$lBLL01$h1726
=CAT  \\$aWR13.144/5$c20140418$lBLL01$h1050
=CAT  \\$aWR11_211$c20150113$lBLL01$h1756
=CAT  \\$aBLSS-CORR$b00$c20150113$lBLL01$h1759
=CAT  \\$aBATCH-UPD$b00$c20150520$lBLL01$h1023
=CAT  \\$a1805-0738$c20181228$lBLL01$h1836
=CAT  \\$a1805-0738$b00$c20181228$lBLL01$h1920
=CAT  \\$aW2001-2376$c20200626$lBLL01$h1833
=FIN  \\$aY$d20140120
=LKR  \\$aPAR$lBLL01$r776$b001096608$m[The Irish Guards in the Great War. Edited and compiled ... by Rudyard Kipling. [With maps.]]$n[The Irish Guards in the Great War. Edited and compiled ... by Rudyard Kipling. [With maps.]]
=DGM  \\$a001096608$bCatBridge variable field
=DRT  \\$aWW1
=SRC  \\$aWW1$bEuropeana_Collections_1914-1918_20140117
=OHC  \\$a1
=LAS  \\$aW2001-2376$b00$c20200626$lBLL01$h1833

