=LDR  01407 am a2200385uu 4500
=001  016606782
=003  Uk
=005  20140120110511.0
=007  cr\mn\024mpada
=008  040420s1916\\\\ie\\\\\|s\\\\\000\||eng\\
=FMT  \\$a  BK
=019  u\$aG11100291
=040  \\$aUk$cUk
=100  1\$aHanna, Henry.
=245  14$aThe Pals at Suvla Bay :$bBeing the record of "D" Company of the 7th Royal Dublin Fusiliers /$cHenry Hanna.
=260  \\$aDublin :$bE. Ponsonby,$c1916.
=336  \\$atext$2rdacontent
=337  \\$acomputer$2rdamedia
=338  \\$aonline$2rdacarrier
=650  \0$aRegimental histories
=655  \4$aBook
=859  \\$aXLD$bWW1
=852  4\$cDRT$jDigital Store Wq7/2446$aBritish Library$bDSC
=CAT  \\$aBATCH-DCW$b00$c20140120$lBLL01$h1105
=CAT  \\$aWR14.046$c20140417$lBLL01$h1726
=CAT  \\$aWR13.144/5$c20140418$lBLL01$h1050
=CAT  \\$aBATCH-RIGH$c20170607$lBLL01$h1816
=CAT  \\$aR1706-1834$c20170629$lBLL01$h1227
=FIN  \\$aY$d20140120
=LKR  \\$aPAR$lBLL01$r776$b011513973$mThe Pals at Suvla Bay : Being the record of "D" Company of the 7th Royal Dublin Fusiliers /$nThe Pals at Suvla Bay : Being the record of "D" Company of the 7th Royal Dublin Fusiliers /
=DGM  \\$a011513973$bCatBridge variable field
=DRT  \\$aWW1
=SRC  \\$aWW1$bEuropeana_Collections_1914-1918_20140117
=OHC  \\$a1
=LAS  \\$aR1706-1834$b00$c20170629$lBLL01$h1227

