=LDR  01897 am a22004813  4500
=001  016606785
=003  Uk
=005  20200626183319.0
=007  cr\mn\024mpada
=008  880209|1919||||enk\\\\|s\\\\o|||\||eng\\
=FMT  \\$a  BK
=019  x\$a0523980167
=040  \\$aUk$cUk
=110  1\$aCanada.$bMinistry, Overseas Military Forces of Canada.
=245  10$aReport of the Ministry, Overseas Military Forces of Canada, 1918. [With plates and maps.]
=264  \1$aLondon,$c[1919]
=300  \\$axv, 533 pages ;$c(8º)
=336  \\$atext$2rdacontent
=337  \\$acomputer$2rdamedia
=338  \\$aonline$2rdacarrier
=650  \0$aRegimental histories
=655  \4$aOfficial document
=859  \\$aXLD$bWW1
=852  4\$aBritish Library$bHMNTS$cDRT$jDigital Store C.S.E. 36/36
=985  \\$aCorrected by BSS-generated file for WR# 11/160
=985  \\$aCorrected by MS generated file for WR# 12.037
=985  \\$aEnhanced by MS generated file for WR# 12/139
=985  \\$aEnhanced by MS generated file for WR# 13/021
=985  \\$aEnhanced by MS generated file for WR# 13/054
=985  \\$aCorrected by MS generated file for WR# 1805-0738
=CAT  \\$aBATCH-DCW$b00$c20140120$lBLL01$h1105
=CAT  \\$aWR14.046$c20140417$lBLL01$h1726
=CAT  \\$aWR13.144/5$c20140418$lBLL01$h1050
=CAT  \\$a1805-0738$c20181228$lBLL01$h1836
=CAT  \\$a1805-0738$b00$c20181228$lBLL01$h1920
=CAT  \\$aW2001-2376$c20200626$lBLL01$h1833
=FIN  \\$aY$d20140120
=LKR  \\$aPAR$lBLL01$r776$b000591822$mReport of the Ministry, Overseas Military Forces of Canada, 1918. [With plates and maps.]$nReport of the Ministry, Overseas Military Forces of Canada, 1918. [With plates and maps.]
=DGM  \\$a000591822$bCatBridge variable field
=DRT  \\$aWW1
=SRC  \\$aWW1$bEuropeana_Collections_1914-1918_20140117
=OHC  \\$a1
=LAS  \\$aW2001-2376$b00$c20200626$lBLL01$h1833

