=LDR  02296 am a22005413  4500
=001  016606787
=003  Uk
=005  20200626183319.0
=007  cr\mn\024mpada
=008  880726|1923||||stk\\\\|s\\\\o|||\||eng\\
=FMT  \\$a  BK
=019  x\$a0964440075
=040  \\$aUk$cUk
=110  1\$aGreat Britain.$bArmy.$bDivision, 52nd.
=245  14$aThe Fifty-Second (Lowland) Division, 1914-1918. By Lieut.-Col. R. R. Thompson ... Maps and plans ... by Capt. J. B. Ramsey. [With plates.]
=264  \1$aGlasgow :$bMacLehose, Jackson & Co,$c1923.
=300  \\$axvi, 610 pages ;$c(8º)
=336  \\$atext$2rdacontent
=337  \\$acomputer$2rdamedia
=338  \\$aonline$2rdacarrier
=650  \0$aRegimental histories
=655  \4$aBook
=700  1\$aRAMSEY, J. B.
=700  1\$aThompson, Ralph Reakes.
=859  \\$aXLD$bWW1
=886  2\$2blmarc$a709$b00$aRAMSEY$hJ. B.$p09083.d.46.$x2701730163
=886  2\$2blmarc$a709$b00$aTHOMPSON$hRalph Reakes$p09083.d.46.$x3250620300
=852  4\$aBritish Library$bHMNTS$cDRT$jDigital Store 09083.d.46
=985  \\$aCorrected by BSS-generated file for WR# 08/145
=985  \\$aCorrected by BSS-generated file for WR# 11/211
=985  \\$aEnhanced by MS generated file for WR# 12/139
=985  \\$aCorrected by MS generated file for WR# 1805-0738
=CAT  \\$aBATCH-DCW$b00$c20140120$lBLL01$h1105
=CAT  \\$aWR14.046$c20140417$lBLL01$h1726
=CAT  \\$aWR13.144/5$c20140418$lBLL01$h1050
=CAT  \\$aBATCH-UPD$b00$c20150520$lBLL01$h1023
=CAT  \\$aBATCH-RIGH$c20170607$lBLL01$h1816
=CAT  \\$aR1706-1834$c20170629$lBLL01$h1227
=CAT  \\$a1805-0738$c20181228$lBLL01$h1836
=CAT  \\$a1805-0738$b00$c20181228$lBLL01$h1920
=CAT  \\$aW2001-2376$c20200626$lBLL01$h1833
=FIN  \\$aY$d20140120
=LKR  \\$aPAR$lBLL01$r776$b001094791$mThe Fifty-Second (Lowland) Division, 1914-1918. By Lieut.-Col. R. R. Thompson ... Maps and plans ... by Capt. J. B. Ramsey. [With plates.]$nThe Fifty-Second (Lowland) Division, 1914-1918. By Lieut.-Col. R. R. Thompson ... Maps and plans ... by Capt. J. B. Ramsey. [With plates.]
=DGM  \\$a001094791$bCatBridge variable field
=DRT  \\$aWW1
=SRC  \\$aWW1$bEuropeana_Collections_1914-1918_20140117
=OHC  \\$a1
=LAS  \\$aW2001-2376$b00$c20200626$lBLL01$h1833

