=LDR  02051 am a22005053  4500
=001  016606788
=003  Uk
=005  20200626183319.0
=007  cr\mn\024mpada
=008  941110|1921||||enk\\\\|s\\\\o|||\||eng\\
=FMT  \\$a  BK
=019  x\$a096444013X
=040  \\$aUk$cUk
=110  1\$aGreat Britain.$bArmy.$bDivision, 56th.
=245  14$aThe 56th Division - 1st London Territorial Division. By Major C. H. Dudley Ward, etc. [With plates and maps.]
=264  \1$aLondon :$bJohn Murray,$c1921.
=300  \\$axvi, 331 pages ;$c(8º)
=336  \\$atext$2rdacontent
=337  \\$acomputer$2rdamedia
=338  \\$aonline$2rdacarrier
=650  \0$aRegimental histories
=655  \4$aBook
=700  1\$aWARD, Charles Humble Dudley.
=859  \\$aXLD$bWW1
=886  2\$2blmarc$a709$b00$aWARD$hCharles Humble Dudley$p9084.bb.15.$x3450260316
=852  4\$aBritish Library$bHMNTS$cDRT$jDigital Store 9084.bb.15
=985  \\$aCorrected by BSS-generated file for WR# 08/145
=985  \\$aCorrected by BSS-generated file for WR# 11/048
=985  \\$aEnhanced by MS generated file for WR# 12/139
=985  \\$aCorrected by MS generated file for WR# 1805-0738
=CAT  \\$aBATCH-DCW$b00$c20140120$lBLL01$h1105
=CAT  \\$aWR14.046$c20140417$lBLL01$h1726
=CAT  \\$aWR13.144/5$c20140418$lBLL01$h1050
=CAT  \\$aBATCH-RIGH$c20170607$lBLL01$h1816
=CAT  \\$aR1706-1834$c20170629$lBLL01$h1227
=CAT  \\$a1805-0738$c20181228$lBLL01$h1836
=CAT  \\$a1805-0738$b00$c20181228$lBLL01$h1920
=CAT  \\$aW2001-2376$c20200626$lBLL01$h1833
=FIN  \\$aY$d20140120
=LKR  \\$aPAR$lBLL01$r776$b001094797$mThe 56th Division - 1st London Territorial Division. By Major C. H. Dudley Ward, etc. [With plates and maps.]$nThe 56th Division - 1st London Territorial Division. By Major C. H. Dudley Ward, etc. [With plates and maps.]
=DGM  \\$a001094797$bCatBridge variable field
=DRT  \\$aWW1
=SRC  \\$aWW1$bEuropeana_Collections_1914-1918_20140117
=OHC  \\$a1
=LAS  \\$aW2001-2376$b00$c20200626$lBLL01$h1833

