=LDR  02196 as a2200589   4500
=001  016606789
=003  Uk
=005  20140120110511.0
=007  cr\mn\024mpada
=007  ta
=008  880629d19151918ne\mr\p\s\\\\o00\\a0eng\\
=FMT  \\$a  SE
=019  c\$a2262405
=019  x\$a0983590184
=040  \\$aUk$cUk$dUk
=130  0\$aCamp magazine (Groningen, Holland)
=245  14$aThe Camp magazine.
=260  \\$aGroningen$b[First Royal Naval Brigade],$c1915-1918.
=300  \\$av. ;$bill. ;$c25 cm.
=310  \\$aMonthly
=336  \\$atext$2rdacontent
=337  \\$acomputer$2rdamedia
=338  \\$aonline$2rdacarrier
=362  0\$aNo. 1 (Apr. 1915)-no. 44 (Nov. 1918).
=500  \\$a"Periodical of the 1st Royal Brigade, interned in Holland."
=540  \\$aCurrent Copyright Fee: GBP12.30$c0$5Uk
=595  \\$aSEE ALSO CARD INDEX.
=610  10$aGreat Britain.$bRoyal Navy.$bBrigade, 1st.
=650  \0$aWorld War, 1914-1918$vPeriodicals.
=650  \0$aWorld War, 1914-1918$xPrisoners and prisons.
=650  \0$aWorld War, 1914-1918$xPropaganda.
=655  \4$aTrench journal
=710  1\$aGreat Britain.$bRoyal Navy.$bBrigade, 1st.
=859  \\$aXLD$bWW1
=852  4\$cDRT$jDigital Store P.P.4039.wui.$aBritish Library$bHMNTS$3No. 1 (Apr. 1915)-no. 44 (Nov. 1918)
=945  \\$aCamp magazine -Groningen-.
=963  \\$aNO. 1, 1915- 44, 1918 *A=1$bN$cWRC.543
=979  \\$aBritish Library$bDSC$j3016.294000N
=985  \\$aCorrected by BSS-generated file for WR# 11/211
=985  \\$aCorrected by MS generated file for WR# 12.037
=985  \\$aEnhanced by MS generated file for WR# 12/139
=985  \\$aHeadings: World War, 1914-1918 Propaganda; and Trench journal added globally for the Europeana Project.
=CAT  \\$aBATCH-DCW$b00$c20140120$lBLL01$h1105
=CAT  \\$aWR14.046$c20140417$lBLL01$h1726
=CAT  \\$aWR13.144/5$c20140418$lBLL01$h1050
=FIN  \\$aY$d20140120
=LKR  \\$aPAR$lBLL01$r776$b001117068$mThe Camp magazine.$nThe Camp magazine.
=DGM  \\$a001117068$bCatBridge variable field
=DRT  \\$aWW1
=SRC  \\$aWW1$bEuropeana_Collections_1914-1918_20140117
=OHC  \\$a1
=LAS  \\$aWR13.144/5$b00$c20140418$lBLL01$h1050

