=LDR  01969 am a22004933  4500
=001  016606790
=003  Uk
=005  20200626183319.0
=007  cr\mn\024mpada
=008  880801|1918||||enk\\\\|s\\\\\|||\||eng\\
=FMT  \\$a  BK
=019  x\$a1191640388
=040  \\$aUk$cUk
=100  1\$aGalsworthy, John,$d1867-1933.
=240  10$aSingle Works
=245  10$aFive Tales. (The First and the Last.-A Stoic.-The Apple Tree.-The Juryman.-Indian Summer of a Forsyte.).
=264  \1$aLondon :$bWilliam Heinemann,$c1918.
=300  \\$a350 pages ;$c(8º)
=336  \\$atext$2rdacontent
=337  \\$acomputer$2rdamedia
=338  \\$aonline$2rdacarrier
=650  \0$aWorld War, 1914-1918$xLiterature and the war.
=655  \4$aBook
=859  \\$aXLD$bWW1
=852  4\$aBritish Library$bHMNTS$cDRT$jDigital Store NN.4953
=985  \\$aCorrected by BSS-generated file for WR# 11/048
=985  \\$aCorrected by MS generated file for WR# 12.037
=985  \\$aEnhanced by MS generated file for WR# 12/139
=985  \\$aEnhanced by MS generated file for WR# 13/021
=985  \\$aEnhanced by MS generated file for WR# 13/054
=985  \\$aCorrected by MS generated file for WR# 1805-0738
=CAT  \\$aBATCH-DCW$b00$c20140120$lBLL01$h1105
=CAT  \\$aWR14.046$c20140417$lBLL01$h1726
=CAT  \\$aWR13.144/5$c20140418$lBLL01$h1050
=CAT  \\$a1805-0738$c20181228$lBLL01$h1836
=CAT  \\$a1805-0738$b00$c20181228$lBLL01$h1920
=CAT  \\$aW2001-2376$c20200626$lBLL01$h1833
=FIN  \\$aY$d20140120
=LKR  \\$aPAR$lBLL01$r776$b001356845$mFive Tales. (The First and the Last.-A Stoic.-The Apple Tree.-The Juryman.-Indian Summer of a Forsyte.).$nFive Tales. (The First and the Last.-A Stoic.-The Apple Tree.-The Juryman.-Indian Summer of a Forsyte.).
=DGM  \\$a001356845$bCatBridge variable field
=DRT  \\$aWW1
=SRC  \\$aWW1$bEuropeana_Collections_1914-1918_20140117
=OHC  \\$a1
=LAS  \\$aW2001-2376$b00$c20200626$lBLL01$h1833

