=LDR  02357 am a22005413  4500
=001  016606791
=003  Uk
=005  20200626183320.0
=007  cr\mn\024mpada
=008  921113|1915||||enk\\\\|s\\\\\|||\||eng\\
=FMT  \\$a  BK
=019  x\$a1433270331
=040  \\$aUk$cUk
=100  1\$aHedin, Sven Anders,$d1865-1952.
=240  10$aFrån fronten i väster, September-November 1914
=245  10$aWith the German Armies in the West ... Authorised translation from the Swedish, by H. G. de Walterstorff. With 119 illustrations and 4 maps.
=264  \1$aLondon :$bJohn Lane,$c1915.
=300  \\$axvi, 402 pages ;$c(8º)
=336  \\$atext$2rdacontent
=337  \\$acomputer$2rdamedia
=338  \\$aonline$2rdacarrier
=650  \0$aWorld War, 1914-1918$xCampaigns$zWestern Front.
=655  \4$aBook
=700  1\$aDE WALTERSTORFF, Harold Gerhard.
=859  \\$aXLD$bWW1
=886  2\$2blmarc$a709$b00$aDE WALTERSTORFF$hHarold Gerhard$p9082.ee.3.$x082104012X
=852  4\$cDRT$jDigital Store 9082.ee.3.$aBritish Library$bHMNTS
=985  \\$aCorrected by BSS-generated file for WR# 11/048
=985  \\$aCorrected by MS generated file for WR# 12.037
=985  \\$aEnhanced by MS generated file for WR# 12/139
=985  \\$aEnhanced by MS generated file for WR# 13/021
=985  \\$aEnhanced by MS generated file for WR# 13/054
=985  \\$aCorrected by MS generated file for WR# 1805-0738
=CAT  \\$aBATCH-DCW$b00$c20140120$lBLL01$h1105
=CAT  \\$aWR14.046$c20140417$lBLL01$h1726
=CAT  \\$aWR13.144/5$c20140418$lBLL01$h1050
=CAT  \\$aBATCH-RIGH$c20170607$lBLL01$h1816
=CAT  \\$aR1706-1834$c20170629$lBLL01$h1227
=CAT  \\$a1805-0738$c20181228$lBLL01$h1836
=CAT  \\$a1805-0738$b00$c20181228$lBLL01$h1920
=CAT  \\$aW2001-2376$c20200626$lBLL01$h1833
=FIN  \\$aY$d20140120
=LKR  \\$aPAR$lBLL01$r776$b001634696$mWith the German Armies in the West ... Authorised translation from the Swedish, by H. G. de Walterstorff. With 119 illustrations and 4 maps.$nWith the German Armies in the West ... Authorised translation from the Swedish, by H. G. de Walterstorff. With 119 illustrations and 4 maps.
=DGM  \\$a001634696$bCatBridge variable field
=DRT  \\$aWW1
=SRC  \\$aWW1$bEuropeana_Collections_1914-1918_20140117
=OHC  \\$a1
=LAS  \\$aW2001-2376$b00$c20200626$lBLL01$h1833

