=LDR  01901cam a22005533  4500
=001  016606792
=003  Uk
=005  20230127073605.0
=007  cr\mn\024mpada
=008  881025s1919\\\\enk\\\\\s\\\\\000\f\eng\\
=FMT  \\$a  BK
=019  x\$a0460630202
=040  \\$aUk$beng$cUk$dUk
=100  1\$aBuchan, John,$d1875-1940.
=245  10$aMr. Standfast.
=264  \1$aLondon :$bHodder & Stoughton,$c1919.
=300  \\$a412 pages ;$c(8º)
=336  \\$atext$2rdacontent
=336  \\$atext$2rdacontent
=337  \\$aunmediated$2rdamedia
=337  \\$acomputer$2rdamedia
=338  \\$avolume$2rdacarrier
=338  \\$aonline$2rdacarrier
=650  \0$aWorld War, 1914-1918$xLiterature and the war.
=655  \4$aBook
=655  \7$aFiction$2fast$0(OCoLC)fst01423787
=859  \\$aXLD$bWW1
=852  4\$aBritish Library$bHMNTS$cDRT$jDigital Store NN.5493.
=985  \\$aCorrected by BSS-generated file for WR# 11/211
=985  \\$aCorrected by MS generated file for WR# 12.037
=985  \\$aEnhanced by MS generated file for WR# 12/139
=985  \\$aCorrected by MS generated file for WR# 1805-0738
=CAT  \\$aBATCH-DCW$b00$c20140120$lBLL01$h1105
=CAT  \\$aWR14.046$c20140417$lBLL01$h1726
=CAT  \\$aWR13.144/5$c20140418$lBLL01$h1050
=CAT  \\$aBATCH-UPD$b00$c20150520$lBLL01$h1027
=CAT  \\$a1805-0738$c20181228$lBLL01$h1836
=CAT  \\$a1805-0738$b00$c20181228$lBLL01$h1920
=CAT  \\$aW2001-2376$c20200626$lBLL01$h1833
=CAT  \\$a8874$b40$c20230127$lBLL01$h0732
=CAT  \\$a8874$b40$c20230127$lBLL01$h0733
=CAT  \\$a8874$b40$c20230127$lBLL01$h0736
=FIN  \\$aY$d20140120
=LKR  \\$aPAR$lBLL01$r776$b000512733$mMr. Standfast.$nMr. Standfast.
=DGM  \\$a001701225$bCatBridge variable field
=DRT  \\$aWW1
=SRC  \\$aWW1$bEuropeana_Collections_1914-1918_20140117
=OHC  \\$a1
=LAS  \\$a8874$b40$c20230127$lBLL01$h0736

