=LDR  02246 am a22005893  4500
=001  016606793
=003  Uk
=005  20200626183320.0
=007  cr\mn\024mpada
=008  900125m19221937enk\\\\\s\\\\\001\0\eng\\
=FMT  \\$a  BK
=019  x\$a2694650287
=040  \\$aUk$cUk
=100  1\$aRaleigh, Walter,$d1861-1922.
=245  14$aThe war in the air :$bbeing the story of the part played in the Great War by the Royal Air Force.
=264  \1$aOxford :$bClarendon Press,$c1922-37.
=300  \\$a6 volumes ;$c(8º)
=336  \\$atext$2rdacontent
=337  \\$acomputer$2rdamedia
=338  \\$aonline$2rdacarrier
=490  0\$aHistory of the Great War based on official documents
=500  \\$aVol. 1. By W. Raleigh; vol. 2-6 by H. A. Jones.
=610  10$aGreat Britain.$bRoyal Air Force.
=650  \0$aWorld War, 1914-1918$xAerial operations.
=650  \0$aAeronautics, Military.
=650  \0$aAeronautics$xHistory.
=655  \4$aOfficial document
=700  1\$aJones, H. A.$q(Henry Albert),$d1893-1945.
=859  \\$aXLD$bWW1
=886  2\$2blmarc$a709$b00$aJONES$hHenry Albert$fM.C.$pB.S.68/92.$x1674370040
=852  4\$cDRT$jDigital Store B.S.68/92.$aBritish Library$bHMNTS
=985  \\$aCorrected by BSS-generated file for WR# 11/211
=985  \\$aCorrected by MS generated file for WR# 12.037
=985  \\$aEnhanced by MS generated file for WR# 12/139
=985  \\$aCorrected by MS generated file for WR# 1805-0738
=CAT  \\$aBATCH-DCW$b00$c20140120$lBLL01$h1105
=CAT  \\$aWR14.046$c20140417$lBLL01$h1726
=CAT  \\$aWR13.144/5$c20140418$lBLL01$h1050
=CAT  \\$a8874$b40$c20140807$lBLL01$h1328
=CAT  \\$a9081$b40$c20160615$lBLL01$h1156
=CAT  \\$aBATCH-RIGH$c20170607$lBLL01$h1816
=CAT  \\$aR1706-1834$c20170629$lBLL01$h1227
=CAT  \\$a1805-0738$c20181228$lBLL01$h1836
=CAT  \\$a1805-0738$b00$c20181228$lBLL01$h1920
=CAT  \\$aW2001-2376$c20200626$lBLL01$h1833
=FIN  \\$aY$d20140120
=LKR  \\$aPAR$lBLL01$r776$b003033019$mThe war in the air$nThe war in the air
=DGM  \\$a003033019$bCatBridge variable field
=DRT  \\$aWW1
=SRC  \\$aWW1$bEuropeana_Collections_1914-1918_20140117
=OHC  \\$a1
=LAS  \\$aW2001-2376$b00$c20200626$lBLL01$h1833

