=LDR  02028cam a22005297a 4500
=001  016606794
=003  Uk
=005  20140120110511.0
=007  cr\mn\024mpada
=008  850709s1917\\\\enk\\\\\s\\\\\000\0\eng\d
=FMT  \\$a  BK
=035  \\$a(OCoLC)12246086
=040  \\$aAAA$cAAA$dUk
=043  \\$ae-uk---$ae------
=100  10$aDillon, John,$d1851-1927.
=245  14$aThe censorship and the war :$bremarkable speech /$cby John Dillon.
=260  \\$aLondon :$bNational Council for Civil Liberties,$c1917.
=300  \\$a13 p. ;$c21 cm.
=336  \\$atext$2rdacontent
=337  \\$acomputer$2rdamedia
=338  \\$aonline$2rdacarrier
=500  \\$a"From the Official Report vol. 90 no. 8, of the Parliamentary Debates, 20th February, 1917."
=500  \\$a"Price one penny."
=500  \\$a"What is the policy of the Government as regards the Censorship."
=500  \\$aCover title.
=650  \0$aCensorship$zGreat Britain.
=650  \0$aWorld War, 1914-1918$xCensorship$zGreat Britain.
=650  \0$aWorld War, 1914-1918$xLiterature and the war.
=651  \0$aGreat Britain$xHistory$y20th century.
=655  \4$aPamphlet
=859  \\$aXLD$bWW1
=852  4\$cDRT$jDigital Store YD.2008.b.460$aBritish Library$bHMNTS
=985  \\$aCorrected by MS generated file for WR# 12.037
=CAT  \\$aBATCH-DCW$b00$c20140120$lBLL01$h1105
=CAT  \\$aBATCH-DCW$b00$c20140325$lBLL01$h1750
=CAT  \\$aWR14.046$c20140417$lBLL01$h1726
=CAT  \\$aWR13.144/5$c20140418$lBLL01$h1050
=CAT  \\$aBATCH-UPD$b00$c20150520$lBLL01$h1025
=CAT  \\$aW2308-1659$c20230923$lBLL01$h1023
=FIN  \\$aY$d20140120
=LKR  \\$aPAR$lBLL01$r776$b014509123$mThe censorship and the war : remarkable speech /$nThe censorship and the war : remarkable speech /
=DGM  \\$a014509123$bCatBridge variable field
=DRT  \\$aWW1
=SRC  \\$aWW1$bEuropeana_Collections_1914-1918_20140117
=SRC  \\$aWW1$bEuropeana_Collections_1914-1918_20140318
=OHC  \\$a1
=LAS  \\$aW2308-1659$b00$c20230923$lBLL01$h1023

