=LDR  02552 as a2200577 a 4500
=001  016607089
=003  Uk
=005  20140120180146.0
=007  cr\mn\024mpada
=007  ta
=008  871217d19181918ua\mr\p\s\\\\o00\\a0eng\\
=FMT  \\$a  SE
=019  c\$a2254834
=019  x\$a0142300241
=040  \\$aUk$cUk$dUk
=082  04$a355.346$222
=245  04$aThe Kia-ora coo-ee :$bthe official magazine of the Australian and New-Zealand Forces in Egypt, Palestine, Salonica & Mesopotamia.
=260  \\$aCairo :$bKia-Ora Coo-ee,$c1918.
=300  \\$a10 v. :$bill. ;$c30 cm.
=310  \\$aMonthly
=336  \\$atext$2rdacontent
=337  \\$acomputer$2rdamedia
=338  \\$aonline$2rdacarrier
=362  0\$aNo. 1 (Mar. 15th, 1918)-no. 4 (June 1918) ; 2nd ser., no. 1 (Jul. 1918)-no. 6 (Dec. 1918).
=500  \\$aIssued by the Australian Imperial Force and the New Zealand Expeditionary Force.
=540  \\$aCurrent Copyright Fee: GBP12.30$c0$5Uk
=610  10$aAustralia.$bAustralian Army.$bAustralian Imperial Force (1914-1921).$bDivision, 1st.
=650  \0$aSoldiers' writings, Australian.
=650  \0$aWorld War 1914-1918$vAnecdotes.
=655  \4$aTrench journal
=710  1\$aAustralia.$bAustralian Army.$bAustralian Imperial Force (1914-1921).$bDivision, 1st.
=710  1\$aNew Zealand.$bArmy.$bExpeditionary Force.
=859  \\$aXLD$bWW1
=852  4\$cDRT$jDigital Store P.P.4039.wbl.(2.)$aBritish Library$bHMNTS$3No. 1 (Mar. 15th, 1918)-no. 4 (June 1918) ; 2nd ser., no. 1 (Jul. 1918)
=945  \\$aKia Ora Cooee.
=979  \\$aBritish Library$bDSC$j5092.750000N
=985  \\$aCorrected by BSS-generated file for WR# 10/107
=985  \\$aCorrected by MS generated file for WR# 12.037
=985  \\$aEnhanced by MS generated file for WR# 12/139
=CAT  \\$aBATCH-DCW$b00$c20140120$lBLL01$h1801
=CAT  \\$aWR14.046$c20140417$lBLL01$h1726
=CAT  \\$aWR13.144/5$c20140418$lBLL01$h1050
=CAT  \\$aBATCH-RIGH$c20170607$lBLL01$h1816
=CAT  \\$aR1706-1834$c20170629$lBLL01$h1227
=FIN  \\$aY$d20140120
=LKR  \\$aPAR$lBLL01$r776$b000146831$mThe Kia-ora coo-ee : the official magazine of the Australian and New-Zealand Forces in Egypt, Palestine, Salonica & Mesopotamia.$nThe Kia-ora coo-ee : the official magazine of the Australian and New-Zealand Forces in Egypt, Palestine, Salonica & Mesopotamia.
=DGM  \\$a000146831$bCatBridge variable field
=DRT  \\$aWW1
=SRC  \\$aWW1$bEuropeana_Collections_1914-1918_20140120
=OHC  \\$a1
=LAS  \\$aR1706-1834$b00$c20170629$lBLL01$h1227

