=LDR  02298cas a2200553 a 4500
=001  016607090
=003  Uk
=005  20230925134617.0
=007  cr\mn\024mpada
=008  030520d19151916hu\er\p\s\\\\\00\\b0hun\\
=FMT  \\$a  SE
=040  \\$aOSZK$beng$cOSZK$dUk
=042  \\$aukblsr
=130  0\$aTett (Budapest, Hungary : 1915)
=245  12$aA tett :$bkéthetenként megjelenő lap /$cszerkeszti Kassák Lajos.
=260  \\$aBudapest :$bKassák Lajos,$c1915-1916.
=300  \\$a17 v. :$bill. ;$c25-27 cm.
=310  \\$aBiweekly
=336  \\$atext$2rdacontent
=337  \\$acomputer$2rdamedia
=338  \\$aonline$2rdacarrier
=362  0\$a1. évf. 1. sz. (1915. nov. 1.) - 2. évf. 17. sz. (1916. szept. 20.)
=650  \0$aArt and society$zHungary$y20th century$vPeriodicals.
=650  \0$aArt, European$y20th century$vPeriodicals.
=650  \0$aAvant-garde (Aesthetics)$zHungary$y20th century$vPeriodicals.
=650  \0$aHungarian periodicals$y20th century.
=650  \0$aLiterature, Experimental$zHungary$y20th century$vPeriodicals.
=650  \0$aLittle magazines$zHungary$y20th century.
=650  \0$aModernism (Literature)$zHungary$vPeriodicals.
=650  \0$aWorld War, 1914-1918$xLiterature and the war
=700  1\$aKassák, Lajos.
=859  \\$aXLD$bWW1
=852  4\$cDRT$jDigital Store RF.2011.a.11$aBritish Library$bHMNTS$3Vol. 1 no. 1. (1915 nov. 1.) ; Vol. 2 no. 14. (1916 jún. 3.)
=985  \\$aCorrected by MS generated file for WR# 12.037
=985  \\$aHeading: World War, 1914-1918, Literature and the war added globally for the Europeana Project.
=CAT  \\$aBATCH-DCW$b00$c20140120$lBLL01$h1801
=CAT  \\$aWR14.046$c20140417$lBLL01$h1726
=CAT  \\$aWR13.144/5$c20140418$lBLL01$h1050
=CAT  \\$aBATCH-RIGH$c20170607$lBLL01$h1816
=CAT  \\$aR1706-1834$c20170629$lBLL01$h1227
=CAT  \\$aW2308-1659$c20230923$lBLL01$h1023
=CAT  \\$a8874$b40$c20230925$lBLL01$h1346
=FIN  \\$aY$d20140120
=LKR  \\$aPAR$lBLL01$r776$b014854418$mA tett : kéthetenként megjelenő lap /$nA tett : kéthetenként megjelenő lap /
=DGM  \\$a014854418$bCatBridge variable field
=DRT  \\$aWW1
=SRC  \\$aWW1$bEuropeana_Collections_1914-1918_20140120
=OHC  \\$a1
=LAS  \\$a8874$b40$c20230925$lBLL01$h1346

