=LDR  02551 am a22005293  4500
=001  016652027
=003  Uk
=005  20200626183325.0
=007  cr\mn\024mpada
=008  880718|1921||||enk\\\\|s\\\\o|||\||eng\\
=FMT  \\$a  BK
=019  x\$a0970060084
=040  \\$aUk$cUk
=110  1\$aGreat Britain.$bArmy.$bInfantry.$bRegiments.$bDuke of Cornwall's Light Infantry.$b5th Battalion.
=245  10$aWith the Cornwall Territorials on the Western Front: being the history of the Fifth Battalion ... in the Great War. Compiled ... by E. C. Matthews ... Illustrated ... With maps, etc.
=264  \1$aCambridge :$bW. P. Spalding,$c1921.
=300  \\$axliii, 191 pages ;$c(8º)
=336  \\$atext$2rdacontent
=337  \\$acomputer$2rdamedia
=338  \\$aonline$2rdacarrier
=650  \0$aRegimental histories
=655  \4$aBook
=700  1\$aMATTHEWS, Ernest Channing,$cpseud. [i.e. Ernest Matthews Channing-Renton.]
=859  \\$aXLD$bWW1
=886  2\$2blmarc$a709$b00$aMATTHEWS$hErnest Channing$fpseud. [i.e. Ernest Matthews Channing-Renton.]$p09084.b.45.$x2152250141
=852  4\$cDRT$jDigital Store 09084.b.45.$aBritish Library$bHMNTS
=985  \\$aCorrected by BSS-generated file for WR# 08/145
=985  \\$aCorrected by BSS-generated file for WR# 11/216
=985  \\$aEnhanced by MS generated file for WR# 12/139
=985  \\$aEnhanced by MS generated file for WR# 13/021
=985  \\$aEnhanced by MS generated file for WR# 13/054
=985  \\$aCorrected by MS generated file for WR# 1805-0738
=CAT  \\$aBATCH-DCW$b00$c20140312$lBLL01$h1650
=CAT  \\$aWR14.046$c20140417$lBLL01$h1726
=CAT  \\$aWR13.144/5$c20140418$lBLL01$h1052
=CAT  \\$aBATCH-RIGH$c20170607$lBLL01$h1816
=CAT  \\$aR1706-1834$c20170629$lBLL01$h1227
=CAT  \\$a1805-0738$c20181228$lBLL01$h1836
=CAT  \\$a1805-0738$b00$c20181228$lBLL01$h1920
=CAT  \\$aW2001-2376$c20200626$lBLL01$h1833
=FIN  \\$aY$d20140312
=LKR  \\$aPAR$lBLL01$r776$b001096471$mWith the Cornwall Territorials on the Western Front: being the history of the Fifth Battalion ... in the Great War. Compiled ... by E. C. Matthews ... Illustrated ... With maps, etc.$nWith the Cornwall Territorials on the Western Front: being the history of the Fifth Battalion ... in the Great War. Compiled ... by E. C. Matthews ... Illustrated ... With maps, etc.
=DGM  \\$a001096471$bCatBridge variable field
=DRT  \\$aWW1
=SRC  \\$aWW1$bEuropeana_Collections_1914-1918_20140121
=OHC  \\$a1
=LAS  \\$aW2001-2376$b00$c20200626$lBLL01$h1833

