=LDR  01838 am a22004813  4500
=001  016652030
=003  Uk
=005  20200626183325.0
=007  cr\mn\024mpada
=008  890411s1914\\\\enka\\\|s\\\\\|||\p|eng\\
=FMT  \\$a  BK
=019  x\$a202050037X
=040  \\$aUk$cUk
=100  1\$aLucas, E. V.$q(Edward Verrall),$d1868-1938.
=245  10$aSwollen-headed William /$ctext adapted by E. V. Lucas. Drawings adapted by G. Morrow.
=264  \1$aLondon :$bMethuen & Co,$c1914.
=300  \\$a20 leaves :$billustrations ;$c(4º)
=336  \\$atext$2rdacontent
=337  \\$acomputer$2rdamedia
=338  \\$aonline$2rdacarrier
=500  \\$aA satire on the Emperor William II. based on Heinrich Hoffmann's "Struwwelpeter".
=600  00$aWilliam$bII,$cGerman Emperor,$d1859-1941.
=600  10$aHoffmann, Heinrich,$d1809-1894.$tStruwwelpeter.$vParodies, imitations etc.
=650  \0$aWorld War, 1914-1918$vCaricatures and cartoons.
=655  \4$aBook
=700  1\$aMorrow, George,$d1869-1955.
=859  \\$aXLD$bWW1
=852  4\$cDRT$jDigital Store 11650.h.71.$aBritish Library$bHMNTS
=985  \\$aCorrected by MS generated file for WR# 12.037
=985  \\$aCorrected by MS generated file for WR# 1805-0738
=CAT  \\$aBATCH-DCW$b00$c20140312$lBLL01$h1711
=CAT  \\$aWR14.046$c20140417$lBLL01$h1726
=CAT  \\$aWR13.144/5$c20140418$lBLL01$h1052
=CAT  \\$a1805-0738$c20181228$lBLL01$h1836
=CAT  \\$a1805-0738$b00$c20181228$lBLL01$h1920
=CAT  \\$aW2001-2376$c20200626$lBLL01$h1833
=FIN  \\$aY$d20140312
=LKR  \\$aPAR$lBLL01$r776$b002276041$mSwollen-headed William /$nSwollen-headed William /
=DGM  \\$a002276041$bCatBridge variable field
=DRT  \\$aWW1
=SRC  \\$aWW1$bEuropeana_Collections_1914-1918_20140211
=OHC  \\$a1
=LAS  \\$aW2001-2376$b00$c20200626$lBLL01$h1833

