=LDR  01790 as a2200469 a 4500
=001  016652031
=003  Uk
=005  20140312171131.0
=007  cr\mn\024mpada
=007  ta
=008  890726d19171917sa\uu\p\s\\\\o00\\a0eng\\
=FMT  \\$a  SE
=019  x\$a2352710251
=040  \\$aUk$cUk$dUk
=245  04$aThe Waitemata wobbler /$cN.Z. Exped. Forces, XXI. Reinforcement.
=260  \\$a[On board ship] :$b[Magazine Committee] :$e(Cape Town ;$fPrinted by Cape Times Ltd.),$c[1917]
=300  \\$av. :$bill. ;$c28 cm.
=336  \\$atext$2rdacontent
=337  \\$acomputer$2rdamedia
=338  \\$aonline$2rdacarrier
=500  \\$aNew Zealand troopship magazine.
=500  \\$aOnly edition.
=610  10$aNew Zealand.$bArmy.$bExpeditionary Force$xMilitary life$vPeriodicals.
=650  \0$aWorld War, 1914-1918$xCampaigns$zAfrica.
=655  \4$aTrench journal
=710  1\$aNew Zealand.$bArmy.$bExpeditionary Force.
=859  \\$aXLD$bWW1
=852  4\$cDRT$jDigital Store 9083.h.15.$aBritish Library$bHMNTS
=985  \\$aCorrected by BSS-generated file for WR# 10/139
=985  \\$aCorrected by MS generated file for WR# 12.037
=985  \\$aEnhanced by MS generated file for WR# 12/139
=985  \\$aHeadings: World War, 1914-1918, Campaigns, Africa, and Trench journal added globally for the Europeana Project.
=CAT  \\$aBATCH-DCW$b00$c20140312$lBLL01$h1711
=CAT  \\$aWR14.046$c20140417$lBLL01$h1726
=CAT  \\$aWR13.144/5$c20140418$lBLL01$h1052
=FIN  \\$aY$d20140312
=LKR  \\$aPAR$lBLL01$r776$b002639931$mThe Waitemata wobbler /$nThe Waitemata wobbler /
=DGM  \\$a002639931$bCatBridge variable field
=DRT  \\$aWW1
=SRC  \\$aWW1$bEuropeana_Collections_1914-1918_20140211
=OHC  \\$a1
=LAS  \\$aWR13.144/5$b00$c20140418$lBLL01$h1052

