=LDR  02102 as a2200469u  4500
=001  016652033
=003  Uk
=005  20200417184659.0
=007  cr\mn\024mpada
=008  950421d18621865|||wr|p|s|\\\\00\\||eng\\
=FMT  \\$a  SE
=019  n\$aNLC0020700
=040  \\$aUk$cUk
=130  4\$aThe Index (London, England : 1862)
=245  04$aThe Index :$bA weekly journal of politics, literature and news; devoted to the exposition of the mutual interests . . . of Great Britain and the Confederate States of America.
=260  \\$aLondon
=336  \\$atext$2rdacontent
=337  \\$acomputer$2rdamedia
=338  \\$aonline$2rdacarrier
=500  \\$aDiscontinued.
=859  \\$aXLD$bWW1
=852  4\$aBritish Library$bHMNTS$cDRT$jDigital Store LOU.LON 9
=852  4\$aBritish Library$bHMNTS$cDRT$jDigital Store LOU.LON 13
=852  4\$aBritish Library$bHMNTS$cDRT$jDigital Store LOU.LON 14
=852  4\$aBritish Library$bHMNTS$cDRT$jDigital Store LOU.LON 85
=985  \\$aUpgraded by BSS-generated file for WR1910-0531
=CAT  \\$aBATCH-DCW$b00$c20140312$lBLL01$h1724
=CAT  \\$aBATCH-DCW$b00$c20140312$lBLL01$h1733
=CAT  \\$aBATCH-DCW$b00$c20140312$lBLL01$h1740
=CAT  \\$aBATCH-DCW$b00$c20140312$lBLL01$h1747
=CAT  \\$aWR14.046$c20140417$lBLL01$h1726
=CAT  \\$aWR13.144/5$c20140418$lBLL01$h1052
=CAT  \\$aBATCH-RIGH$c20170607$lBLL01$h1816
=CAT  \\$aR1706-1834$c20170629$lBLL01$h1227
=CAT  \\$aW1910-0531$b00$c20200417$lBLL01$h1846
=FIN  \\$aY$d20140312
=LKR  \\$aPAR$lBLL01$r776$b013911714$mThe Index : A weekly journal of politics, literature and news; devoted to the exposition of the mutual interests . . . of Great Britain and the Confederate States of America.$nThe Index : A weekly journal of politics, literature and news; devoted to the exposition of the mutual interests . . . of Great Britain and the Confederate States of America.
=DGM  \\$a013911714$bCatBridge variable field
=DRT  \\$aWW1
=SRC  \\$aWW1$bEuropeana_Collections_1914-1918_20140220
=OHC  \\$a6
=LAS  \\$aW1910-0531$b00$c20200417$lBLL01$h1846

