=LDR  01813 am a22004933  4500
=001  016652036
=003  Uk
=005  20200626183325.0
=007  cr\mn\024mpada
=008  880509|1917||||stk\\\\|s\\\\\|||\||eng\\
=FMT  \\$a  BK
=019  x\$a0643810331
=040  \\$aUk$cUk
=100  1\$aCLOUSTON, Joseph Storer.
=245  14$aThe Spy in Black.
=264  \1$aEdinburgh ;$aLondon :$bW. Blackwood & Sons,$c1917.
=300  \\$avi, 341 pages ;$c(8º)
=336  \\$atext$2rdacontent
=337  \\$acomputer$2rdamedia
=338  \\$aonline$2rdacarrier
=650  \0$aWorld War, 1914-1918$xLiterature and the war.
=655  \4$aBook
=775  0\$t[The Spy in Black.]$w(Uk)MP1.0000766094.1$dpp. 341. W. Blackwood & Sons: Edinburgh & London, 1920. 8º.
=859  \\$aXLD$bWW1
=852  4\$cDRT$jDigital Store NN.5062.$aBritish Library$bHMNTS
=985  \\$aCorrected by BSS-generated file for WR# 11/211
=985  \\$aCorrected by MS generated file for WR# 12.037
=985  \\$aDisaggregated record: Type B
=985  \\$aEnhanced by MS generated file for WR# 12/139
=985  \\$aCorrected by MS generated file for WR# 1805-0738
=CAT  \\$aBATCH-DCW$b00$c20140312$lBLL01$h1800
=CAT  \\$aWR14.046$c20140417$lBLL01$h1726
=CAT  \\$aWR13.144/5$c20140418$lBLL01$h1052
=CAT  \\$a1805-0738$c20181228$lBLL01$h1836
=CAT  \\$a1805-0738$b00$c20181228$lBLL01$h1920
=CAT  \\$aW2001-2376$c20200626$lBLL01$h1833
=FIN  \\$aY$d20140312
=LKR  \\$aPAR$b000728119$r775$mThe Spy in Black.$n[The Spy in Black.]
=LKR  \\$aPAR$lBLL01$r776$b000728118$mThe Spy in Black.$nThe Spy in Black.
=DGM  \\$a000728118$bCatBridge variable field
=DRT  \\$aWW1
=SRC  \\$aWW1$bEuropeana_Collections_1914-1918_20140311
=OHC  \\$a1
=LAS  \\$aW2001-2376$b00$c20200626$lBLL01$h1833

