=LDR  02245 am a22005293  4500
=001  016659059
=003  Uk
=005  20200626183326.0
=007  cr\mn\024mpada
=008  900814|1916||||enk\\\\|s\\\\\|||\||eng\\
=FMT  \\$a  BK
=019  x\$a3450520075
=040  \\$aUk$cUk
=100  1\$aWARD, Herbert,$cTraveller.
=245  10$aMr. Poilu: notes and sketches with the fighting French. [With a biographical notice of the author by Sydney S. Pawling and plates.]
=264  \1$aLondon :$bHodder & Stoughton,$c1916.
=300  \\$axx, 158 pages ;$c(8º)
=336  \\$atext$2rdacontent
=337  \\$acomputer$2rdamedia
=338  \\$aonline$2rdacarrier
=650  \0$aWorld War, 1914-1918$vArt and the war.
=655  \4$aBook
=700  1\$aPAWLING, Sydney Southgate.
=859  \\$aXLD$bWW1
=886  2\$2blmarc$a709$b00$aPAWLING$hSydney Southgate$p9083.g.22.$x2494120020
=852  4\$aBritish Library$bHMNTS$cDRT$jDigital Store 9083.g.22.
=985  \\$aCorrected by BSS-generated file for WR# 11/048
=985  \\$aCorrected by MS generated file for WR# 12.037
=985  \\$aEnhanced by MS generated file for WR# 12/139
=985  \\$aEnhanced by MS generated file for WR# 13/021
=985  \\$aEnhanced by MS generated file for WR# 13/054
=985  \\$aCorrected by MS generated file for WR# 1805-0738
=CAT  \\$aBATCH-DCW$b00$c20140325$lBLL01$h1747
=CAT  \\$aWR14.046$c20140417$lBLL01$h1726
=CAT  \\$aWR13.144/5$c20140418$lBLL01$h1052
=CAT  \\$aBATCH-RIGH$c20170607$lBLL01$h1816
=CAT  \\$aR1706-1834$c20170629$lBLL01$h1227
=CAT  \\$a1805-0738$c20181228$lBLL01$h1836
=CAT  \\$a1805-0738$b00$c20181228$lBLL01$h1920
=CAT  \\$aW2001-2376$c20200626$lBLL01$h1833
=FIN  \\$aY$d20140325
=LKR  \\$aPAR$lBLL01$r776$b003849793$mMr. Poilu: notes and sketches with the fighting French. [With a biographical notice of the author by Sydney S. Pawling and plates.]$nMr. Poilu: notes and sketches with the fighting French. [With a biographical notice of the author by Sydney S. Pawling and plates.]
=DGM  \\$a003849793$bCatBridge variable field
=DRT  \\$aWW1
=SRC  \\$aWW1$bEuropeana_Collections_1914-1918_20140318
=OHC  \\$a3
=LAS  \\$aW2001-2376$b00$c20200626$lBLL01$h1833

