=LDR  01639 am a2200469uu 4500
=001  016659060
=003  Uk
=005  20200626183326.0
=007  cr\mn\024mpada
=008  040420s1919\\\\enk\\\\\s\\\\\000\0\eng\\
=FMT  \\$a  BK
=019  u\$aG10926785
=019  x\$a261026013X
=040  \\$aUk$cUk$dUk
=100  1\$aPlowman, Max,$d1883-1941.
=245  10$aWar and the creative impulse /$cMax Plowman ; with pref. by Henry W. Nevinson.
=264  \1$aLondon :$bHeadley Bros,$c1919.
=300  \\$c(12º)
=336  \\$atext$2rdacontent
=337  \\$acomputer$2rdamedia
=338  \\$aonline$2rdacarrier
=650  \0$aWorld War, 1914-1918$xMoral and ethical aspects.
=655  \4$aPamphlet
=700  1\$aNevinson, Henry Woodd,$d1856-1941.
=859  \\$aXLD$bWW1
=852  4\$aBritish Library$bDSC$cDRT$jDigital Store W22/2464
=985  \\$aCorrected by MS generated file for WR# 12.037
=985  \\$aCorrected by MS generated file for WR# 1805-0738
=CAT  \\$aBATCH-DCW$b00$c20140325$lBLL01$h1747
=CAT  \\$aWR14.046$c20140417$lBLL01$h1726
=CAT  \\$aWR13.144/5$c20140418$lBLL01$h1052
=CAT  \\$aBATCH-UPD$b00$c20150520$lBLL01$h1024
=CAT  \\$a1805-0738$c20181228$lBLL01$h1836
=CAT  \\$a1805-0738$b00$c20181228$lBLL01$h1920
=CAT  \\$aW2001-2376$c20200626$lBLL01$h1833
=FIN  \\$aY$d20140325
=LKR  \\$aPAR$lBLL01$r776$b008944210$mWar and the creative impulse /$nWar and the creative impulse /
=DGM  \\$a008944210$bCatBridge variable field
=DRT  \\$aWW1
=SRC  \\$aWW1$bEuropeana_Collections_1914-1918_20140318
=OHC  \\$a2
=LAS  \\$aW2001-2376$b00$c20200626$lBLL01$h1833

