=LDR  01817 am a22004693  4500
=001  016659062
=003  Uk
=005  20200626183326.0
=007  cr\mn\024mpada
=008  880920s1921\\\\gw\\\\\|s\\\\\|||\||ger\\
=FMT  \\$a  BK
=019  x\$a1261910117
=040  \\$aUk$cUk
=100  1\$aGleich, Gerold von,$d1869-
=245  10$aVom Balkan nach Bagdad :$bmilitärisch-politische Erinnerungen an dem Orient [1912-1916].
=264  \1$aBerlin :$bScherl,$c1921.
=300  \\$a185 pages ;$c(8º)
=336  \\$atext$2rdacontent
=337  \\$acomputer$2rdamedia
=338  \\$aonline$2rdacarrier
=650  \0$aWorld War, 1914-1918$xCampaigns$zAsia.
=650  \0$aWorld War, 1914-1918$xCampaigns$zTurkey and the Near East
=655  \4$aBook
=859  \\$aXLD$bWW1
=852  4\$cDRT$jDigital Store 9134.c.22.$aBritish Library$bHMNTS
=985  \\$aCorrected by BSS-generated file for WR# 11/031.a
=985  \\$aCorrected by MS generated file for WR# 12.037
=985  \\$aRecord amended for WR# 13/070
=985  \\$aCorrected by MS generated file for WR# 1805-0738
=CAT  \\$aBATCH-DCW$b00$c20140325$lBLL01$h1747
=CAT  \\$aWR14.046$c20140417$lBLL01$h1726
=CAT  \\$aWR13.144/5$c20140418$lBLL01$h1052
=CAT  \\$a1805-0738$c20181228$lBLL01$h1836
=CAT  \\$a1805-0738$b00$c20181228$lBLL01$h1920
=CAT  \\$aW2001-2376$c20200626$lBLL01$h1833
=FIN  \\$aY$d20140325
=LKR  \\$aPAR$lBLL01$r776$b001438197$mVom Balkan nach Bagdad : militärisch-politische Erinnerungen an dem Orient [1912-1916].$nVom Balkan nach Bagdad : militärisch-politische Erinnerungen an dem Orient [1912-1916].
=DGM  \\$a001438197$bCatBridge variable field
=DRT  \\$aWW1
=SRC  \\$aWW1$bEuropeana_Collections_1914-1918_20140318
=OHC  \\$a1
=LAS  \\$aW2001-2376$b00$c20200626$lBLL01$h1833

