=LDR  01720 am a22004933  4500
=001  016659063
=003  Uk
=005  20200626183326.0
=007  cr\mn\024mpada
=008  890213s1917\\\\gw\ac\\|s\\\\\|||\||ger\\
=FMT  \\$a  BK
=019  x\$a1793270198
=040  \\$aUk$cUk
=100  10$aKrieger, Bogdan,$d1863-1931.
=245  14$aDer Kaiser im Felde /$cvon Bogdan Krieger.
=264  \1$aBerlin :$bKameradschaft,$c[1917]
=300  \\$avii, 472 pages :$billustrations, portraits ;$c(8º)
=336  \\$atext$2rdacontent
=337  \\$acomputer$2rdamedia
=338  \\$aonline$2rdacarrier
=600  00$aWilliam$bII,$cGerman Emperor,$d1859-1941.
=650  \0$aGermany.
=650  \0$aWorld War, 1914-1918$zGermany
=650  \0$aWorld War, 1914-1918.
=655  \4$aBook
=859  \\$aXLD$bWW1
=852  4\$cDRT$jDigital Store 09083.c.52.$aBritish Library$bHMNTS
=985  \\$aCorrected by BSS-generated file for WR# 11/160
=985  \\$aCorrected by MS generated file for WR# 12.037
=985  \\$aCorrected by MS generated file for WR# 1805-0738
=CAT  \\$aBATCH-DCW$b00$c20140325$lBLL01$h1747
=CAT  \\$aWR14.046$c20140417$lBLL01$h1726
=CAT  \\$aWR13.144/5$c20140418$lBLL01$h1052
=CAT  \\$aBATCH-UPD$b00$c20150520$lBLL01$h1025
=CAT  \\$a1805-0738$c20181228$lBLL01$h1836
=CAT  \\$a1805-0738$b00$c20181228$lBLL01$h1920
=CAT  \\$aW2001-2376$c20200626$lBLL01$h1833
=FIN  \\$aY$d20140325
=LKR  \\$aPAR$lBLL01$r776$b002022783$mDer Kaiser im Felde /$nDer Kaiser im Felde /
=DGM  \\$a002022783$bCatBridge variable field
=DRT  \\$aWW1
=SRC  \\$aWW1$bEuropeana_Collections_1914-1918_20140318
=OHC  \\$a1
=LAS  \\$aW2001-2376$b00$c20200626$lBLL01$h1833

