=LDR  02188 am a22005053  4500
=001  016659064
=003  Uk
=005  20200626183326.0
=007  cr\mn\024mpada
=008  890726|1922||||nz\\\\\|s\\\\o|||\||eng\\
=FMT  \\$a  BK
=019  x\$a2352710138
=040  \\$aUk$cUk
=110  1\$aNEW ZEALAND.$bMilitary Forces.$bNew Zealand Contingent, British Expeditionary Force.$bNew Zealand Cyclist Corps.
=245  10$aRegimental History of New Zealand Cyclist Corps in the Great War, 1914-1918. By Officers. [With illustrations, including portraits.]
=264  \1$aAuckland :$bWhitcomb & Tombs,$c1922.
=300  \\$a139 pages ;$c(8º)
=336  \\$atext$2rdacontent
=337  \\$acomputer$2rdamedia
=338  \\$aonline$2rdacarrier
=650  \0$aWorld War, 1914-1918.
=655  \4$aBook
=859  \\$aXLD$bWW1
=852  4\$cDRT$jDigital Store 9084.bb.21.$aBritish Library$bHMNTS
=985  \\$aCorrected by BSS-generated file for WR# 11/211
=985  \\$aCorrected by MS generated file for WR# 12.037
=985  \\$aEnhanced by MS generated file for WR# 12/139
=985  \\$aEnhanced by MS generated file for WR# 13/021
=985  \\$aEnhanced by MS generated file for WR# 13/054
=985  \\$aCorrected by MS generated file for WR# 1805-0738
=CAT  \\$aBATCH-DCW$b00$c20140325$lBLL01$h1747
=CAT  \\$aWR14.046$c20140417$lBLL01$h1726
=CAT  \\$aWR13.144/5$c20140418$lBLL01$h1052
=CAT  \\$aBATCH-RIGH$c20170607$lBLL01$h1816
=CAT  \\$aR1706-1834$c20170629$lBLL01$h1227
=CAT  \\$a1805-0738$c20181228$lBLL01$h1836
=CAT  \\$a1805-0738$b00$c20181228$lBLL01$h1920
=CAT  \\$aW2001-2376$c20200626$lBLL01$h1833
=FIN  \\$aY$d20140325
=LKR  \\$aPAR$lBLL01$r776$b002639919$mRegimental History of New Zealand Cyclist Corps in the Great War, 1914-1918. By Officers. [With illustrations, including portraits.]$nRegimental History of New Zealand Cyclist Corps in the Great War, 1914-1918. By Officers. [With illustrations, including portraits.]
=DGM  \\$a002639919$bCatBridge variable field
=DRT  \\$aWW1
=SRC  \\$aWW1$bEuropeana_Collections_1914-1918_20140318
=OHC  \\$a1
=LAS  \\$aW2001-2376$b00$c20200626$lBLL01$h1833

