=LDR  01843 am a22004693  4500
=001  016659065
=003  Uk
=005  20200626183326.0
=007  cr\mn\024mpada
=008  900425|1915||||enk\\\\|s\\\\\|||\||eng\\
=FMT  \\$a  BK
=019  x\$a3103280033
=040  \\$aUk$cUk
=100  1\$aSPURR, Frederic Chambers.
=245  10$aSome Chaplains in Khaki: an account of the work of chaplains of the United Navy and Army Board.
=264  \1$aLondon :$bJoseph Johnson,$c[1915]
=300  \\$a157 pages ;$c(8º)
=336  \\$atext$2rdacontent
=337  \\$acomputer$2rdamedia
=338  \\$aonline$2rdacarrier
=650  \0$aWorld War, 1914-1918$xReligious aspects.
=655  \4$aBook
=859  \\$aXLD$bWW1
=852  4\$cDRT$jDigital Store 9083.gg.1.$aBritish Library$bHMNTS
=985  \\$aCorrected by BSS-generated file for WR# 11/160
=985  \\$aEnhanced by MS generated file for WR# 12/139
=985  \\$aEnhanced by MS generated file for WR# 13/021
=985  \\$aEnhanced by MS generated file for WR# 13/054
=985  \\$aCorrected by MS generated file for WR# 1805-0738
=CAT  \\$aBATCH-DCW$b00$c20140325$lBLL01$h1747
=CAT  \\$aWR14.046$c20140417$lBLL01$h1726
=CAT  \\$aWR13.144/5$c20140418$lBLL01$h1052
=CAT  \\$a1805-0738$c20181228$lBLL01$h1836
=CAT  \\$a1805-0738$b00$c20181228$lBLL01$h1920
=CAT  \\$aW2001-2376$c20200626$lBLL01$h1833
=FIN  \\$aY$d20140325
=LKR  \\$aPAR$lBLL01$r776$b003469526$mSome Chaplains in Khaki: an account of the work of chaplains of the United Navy and Army Board.$nSome Chaplains in Khaki: an account of the work of chaplains of the United Navy and Army Board.
=DGM  \\$a003469526$bCatBridge variable field
=DRT  \\$aWW1
=SRC  \\$aWW1$bEuropeana_Collections_1914-1918_20140318
=OHC  \\$a1
=LAS  \\$aW2001-2376$b00$c20200626$lBLL01$h1833

