=LDR  01470 cm a22004217  4500
=001  016659066
=003  Uk
=005  20210506151551.0
=007  cr\mn\024mpada
=008  930310s1926\\\\enk|||\|s||||||||\\\eng\|
=FMT  \\$a  MU
=019  d\$aak06040084
=040  \\$aUk$cUk
=082  14$a780$215
=100  1\$aBridge, Frank,$d1879-1941.
=245  10$aJourney's End. Song ... words by H. Wolfe.
=260  \\$aLondon :$bAugener,$c1926.
=300  \\$c4.̊
=336  \\$anotated music$2rdacontent
=337  \\$acomputer$2rdamedia
=338  \\$aonline$2rdacarrier
=859  \\$aXLD$bWW1
=883  0\$aLanguage codes assigned by Bayesian analysis of words present in record$d20210115$qUk$c0.9450
=852  4\$cDRT$jDigital Store H.3430.a.(2.)$aBritish Library$bMUSIC
=CAT  \\$aBATCH-DCW$b00$c20140325$lBLL01$h1747
=CAT  \\$aWR14.046$c20140417$lBLL01$h1726
=CAT  \\$aWR13.144/5$c20140418$lBLL01$h1052
=CAT  \\$aWR15_100$c20150811$lBLL01$h0328
=CAT  \\$aBATCH-RIGH$c20170607$lBLL01$h1816
=CAT  \\$aR1706-1834$c20170629$lBLL01$h1227
=CAT  \\$aW2102-0046$b00$c20210506$lBLL01$h1515
=FIN  \\$aY$d20140325
=LKR  \\$aPAR$lBLL01$r776$b004238265$mJourney's End. Song ... words by H. Wolfe.$nJourney's End. Song ... words by H. Wolfe.
=DGM  \\$a004238265$bCatBridge variable field
=DRT  \\$aWW1
=SRC  \\$aWW1$bEuropeana_Collections_1914-1918_20140318
=OHC  \\$a1
=LAS  \\$aW2102-0046$b00$c20210506$lBLL01$h1515

