=LDR  01878 cm a22005057  4500
=001  016896430
=003  Uk
=005  20141018175734.0
=007  cr\mn\024mpada
=008  930317s1899\\\\enk|||\|s||||||||\\\und\|
=FMT  \\$a  MU
=019  d\$acm06000892
=019  m\$aM08421053
=028  22$a10815$bNovello & Co.
=040  \\$aUk$cUk
=082  14$a780$215
=100  1\$aElgar, Edward,$d1857-1934.
=240  10$aVariations on an original theme.$oarranged
=245  10$aVariations on an original theme ... op. 36. Arranged for Pianoforte Solo by the Composer.
=264  \1$aLondon :$bNovello & Co,$cc1899.
=300  \\$a42 pages of music ;$c(4º)
=336  \\$anotated music$2rdacontent
=337  \\$acomputer$2rdamedia
=337  \\$aunmediated$2rdamedia
=338  \\$aonline$2rdacarrier
=338  \\$avolume$2rdacarrier
=340  \\$m4to$2rdabf
=650  \0$aVariations (Piano), Arranged.
=859  \\$aXLD$bWW1
=852  4\$cDRT$jDigital Store g.603.g.(3.)$aBritish Library$bMUSIC
=985  \\$aCorrected by MS generated file for WR# 12.037
=985  \\$aRecord amended for WR# 13/070
=985  \\$aCorrected by MS generated file for WR# 1805-0738
=CAT  \\$aBATCH-DCW$b00$c20141018$lBLL01$h1757
=CAT  \\$aBATCH-DCW$b00$c20141018$lBLL01$h1843
=CAT  \\$aWR15_100$c20150811$lBLL01$h0328
=CAT  \\$a1805-0738$c20181228$lBLL01$h1847
=CAT  \\$a1805-0738$b00$c20181228$lBLL01$h1932
=FIN  \\$aY$d20141018
=LKR  \\$aPAR$lBLL01$r776$b004323117$mVariations on an original theme ... op. 36. Arranged for Pianoforte Solo by the Composer.$nVariations on an original theme ... op. 36. Arranged for Pianoforte Solo by the Composer.
=DGM  \\$a004323117$bCatBridge variable field
=DRT  \\$aWW1
=SRC  \\$aWW1$bEuropeana_Collections_1914-1918_20140601_muscorr
=OHC  \\$a2
=LAS  \\$a1805-0738$b00$c20181228$lBLL01$h1932

