=LDR  01877 cm a22004817  4500
=001  016896433
=003  Uk
=005  20141018175752.0
=007  cr\mn\024mpada
=008  930308s1927\\\\enk|||\|s||||||||\\\und\|
=FMT  \\$a  MU
=019  d\$aae02950008
=040  \\$aUk$cUk
=082  14$a780$215
=100  1\$aBaines, William,$d1899-1922.
=245  10$aPictures of Light. Three Pieces for Pianoforte. Edited by F. Dawson. 1. Drift-light. 2. Bursting falmes. 3. Pool-lights.
=264  \1$aLondon :$bElkin & Co,$c1927.
=300  \\$c(4º)
=336  \\$anotated music$2rdacontent
=337  \\$acomputer$2rdamedia
=337  \\$aunmediated$2rdamedia
=338  \\$aonline$2rdacarrier
=338  \\$avolume$2rdacarrier
=340  \\$m4to$2rdabf
=700  1\$aDawson, Frederick.
=859  \\$aXLD$bWW1
=852  4\$cDRT$jDigital Store g.1125.v.(8.)$aBritish Library$bMUSIC
=985  \\$aCorrected by MS generated file for WR# 12.037
=985  \\$aCorrected by MS generated file for WR# 1805-0738
=CAT  \\$aBATCH-DCW$b00$c20141018$lBLL01$h1757
=CAT  \\$aBATCH-UPD$b00$c20141018$lBLL01$h1758
=CAT  \\$aBATCH-DCW$b00$c20141018$lBLL01$h1843
=CAT  \\$aWR15_100$c20150811$lBLL01$h0328
=CAT  \\$aBATCH-UPD$b00$c20170621$lBLL01$h2026
=CAT  \\$a1805-0738$c20181228$lBLL01$h1847
=CAT  \\$a1805-0738$b00$c20181228$lBLL01$h1932
=FIN  \\$aY$d20141018
=LKR  \\$aPAR$lBLL01$r776$b004189662$mPictures of Light. Three Pieces for Pianoforte. Edited by F. Dawson. 1. Drift-light. 2. Bursting falmes. 3. Pool-lights.$nPictures of Light. Three Pieces for Pianoforte. Edited by F. Dawson. 1. Drift-light. 2. Bursting falmes. 3. Pool-lights.
=DGM  \\$a004189662$bCatBridge variable field
=DRT  \\$aWW1
=SRC  \\$aWW1$bEuropeana_Collections_1914-1918_20140601_muscorr
=OHC  \\$a1
=LAS  \\$a1805-0738$b00$c20181228$lBLL01$h1932

