=LDR  02070ccm a22004937  4500
=001  016896434
=003  Uk
=005  20230120122353.0
=007  cr\mn\024mpada
=008  930308s1925\\\\enk|||\|s||||||||\\\und\|
=FMT  \\$a  MU
=019  d\$aaf06870025
=040  \\$aUk$cUk
=082  14$a780$215
=100  1\$aBaynes, Sydney,$d1879-1938.
=245  10$aIt's a long, long Way to Tipperary. [By Judge and Harry Williams.] March. Military two-step. Piano-conductor [and orchestral parts] ... Arranged by Sydney Baynes.
=264  \1$a[London] :$bFeldman & Co,$c[ca. 1925]
=300  \\$a12 parts ;$c(8º)
=336  \\$anotated music$2rdacontent
=337  \\$acomputer$2rdamedia
=337  \\$aunmediated$2rdamedia
=338  \\$aonline$2rdacarrier
=338  \\$avolume$2rdacarrier
=340  \\$m8vo$2rdabf
=700  1\$aJudge, Jack,$d1878-1938.
=700  1\$aWilliams, Harry,$d1873-1924.
=859  \\$aXLD$bWW1
=852  4\$cDRT$jDigital Store g.1797.k.(1.)$aBritish Library$bMUSIC
=985  \\$aCorrected by MS generated file for WR# 12.037
=985  \\$aCorrected by MS generated file for WR# 1805-0738
=CAT  \\$aBATCH-DCW$b00$c20141018$lBLL01$h1757
=CAT  \\$aBATCH-DCW$b00$c20141018$lBLL01$h1843
=CAT  \\$aWR15_100$c20150811$lBLL01$h0328
=CAT  \\$aBATCH-UPD$b00$c20161003$lBLL01$h2037
=CAT  \\$a1805-0738$c20181228$lBLL01$h1847
=CAT  \\$a1805-0738$b00$c20181228$lBLL01$h1932
=CAT  \\$aMFISHER$b40$c20230120$lBLL01$h1223
=FIN  \\$aY$d20141018
=LKR  \\$aPAR$lBLL01$r776$b004200621$mIt's a long, long Way to Tipperary. [By Judge and Harry Williams.] March. Military two-step. Piano-conductor [and orchestral parts] ... Arranged by Sydney Baynes.$nIt's a long, long Way to Tipperary. [By Judge and Harry Williams.] March. Military two-step. Piano-conductor [and orchestral parts] ... Arranged by Sydney Baynes.
=DGM  \\$a004200621$bCatBridge variable field
=DRT  \\$aWW1
=SRC  \\$aWW1$bEuropeana_Collections_1914-1918_20140601_muscorr
=OHC  \\$a1
=LAS  \\$aMFISHER$b40$c20230120$lBLL01$h1223

