=LDR  01558 cm a22004577  4500
=001  016896436
=003  Uk
=005  20141018175752.0
=007  cr\mn\024mpada
=008  930310s1914\\\\enk|||\|s||||||||\\\und\|
=FMT  \\$a  MU
=019  d\$aaj05040225
=040  \\$aUk$cUk
=082  14$a780$215
=100  1\$aRawlings, Charles,$d-1919.
=245  14$aThe Jellicoe Touch. Naval fantasia. [P. F.]
=264  \1$aLondon :$bW. Paxton & Co,$c1914.
=300  \\$c(folio)
=336  \\$anotated music$2rdacontent
=337  \\$acomputer$2rdamedia
=337  \\$aunmediated$2rdamedia
=338  \\$aonline$2rdacarrier
=338  \\$avolume$2rdacarrier
=340  \\$mfolio$2rdabf
=859  \\$aXLD$bWW1
=852  4\$cDRT$jDigital Store h.3284.w.(31.)$aBritish Library$bMUSIC
=985  \\$aCorrected by MS generated file for WR# 12.037
=985  \\$aRecord amended for WR# 13/070
=985  \\$aCorrected by MS generated file for WR# 1805-0738
=CAT  \\$aBATCH-DCW$b00$c20141018$lBLL01$h1757
=CAT  \\$aBATCH-DCW$b00$c20141018$lBLL01$h1843
=CAT  \\$aWR15_100$c20150811$lBLL01$h0328
=CAT  \\$a1805-0738$c20181228$lBLL01$h1847
=CAT  \\$a1805-0738$b00$c20181228$lBLL01$h1932
=FIN  \\$aY$d20141018
=LKR  \\$aPAR$lBLL01$r776$b004228405$mThe Jellicoe Touch. Naval fantasia. [P. F.]$nThe Jellicoe Touch. Naval fantasia. [P. F.]
=DGM  \\$a004228405$bCatBridge variable field
=DRT  \\$aWW1
=SRC  \\$aWW1$bEuropeana_Collections_1914-1918_20140601_muscorr
=OHC  \\$a1
=LAS  \\$a1805-0738$b00$c20181228$lBLL01$h1932

