=LDR  01958 cm a22004697  4500
=001  016896437
=003  Uk
=005  20210506151557.0
=007  cr\mn\024mpada
=008  930310s1918\\\\fr\||c\|s||||||||\\\fre\|
=FMT  \\$a  MU
=019  d\$aaj10830009
=040  \\$aUk$cUk
=082  14$a780$215
=100  1\$aBoulanger, Lili,$d1893-1918.
=245  10$aPour les funérailles d'un soldat, etc. <Chœur mixte avec baryton solo et orchestre. Paroles de Alfred de Musset.> [Vocal score.]
=264  \1$aParis :$bÉditions Ricordi,$c[1918]
=300  \\$a11 pages ;$c(folio)
=336  \\$anotated music$2rdacontent
=337  \\$acomputer$2rdamedia
=337  \\$aunmediated$2rdamedia
=338  \\$aonline$2rdacarrier
=338  \\$avolume$2rdacarrier
=340  \\$mfolio$2rdabf
=859  \\$aXLD$bWW1
=883  0\$aLanguage codes assigned by Bayesian analysis of words present in record$d20210115$qUk$c0.9450
=852  4\$cDRT$jDigital Store H.1186.j.(1.)$aBritish Library$bMUSIC
=985  \\$aCorrected by MS generated file for WR# 12.037
=985  \\$aCorrected by MS generated file for WR# 1805-0738
=CAT  \\$aBATCH-DCW$b00$c20141018$lBLL01$h1757
=CAT  \\$aBATCH-DCW$b00$c20141018$lBLL01$h1843
=CAT  \\$aWR15_100$c20150811$lBLL01$h0328
=CAT  \\$a1805-0738$c20181228$lBLL01$h1847
=CAT  \\$a1805-0738$b00$c20181228$lBLL01$h1932
=CAT  \\$aW2102-0046$b00$c20210506$lBLL01$h1515
=FIN  \\$aY$d20141018
=LKR  \\$aPAR$lBLL01$r776$b004231614$mPour les funérailles d'un soldat, etc. <Chœur mixte avec baryton solo et orchestre. Paroles de Alfred de Musset.> [Vocal score.]$nPour les funérailles d'un soldat, etc. <Chœur mixte avec baryton solo et orchestre. Paroles de Alfred de Musset.> [Vocal score.]
=DGM  \\$a004231614$bCatBridge variable field
=DRT  \\$aWW1
=SRC  \\$aWW1$bEuropeana_Collections_1914-1918_20140601_muscorr
=OHC  \\$a1
=LAS  \\$aW2102-0046$b00$c20210506$lBLL01$h1515

