=LDR  01520 cm a22004577  4500
=001  016896445
=003  Uk
=005  20141018175752.0
=007  cr\mn\024mpada
=008  930310s1912\\\\enk|||\|s||||||||\\\und\|
=FMT  \\$a  MU
=019  d\$aam14690028
=040  \\$aUk$cUk
=082  14$a780$215
=100  1\$aButterworth, George,$d1885-1916.
=245  10$aOn Christmas night.
=264  \1$a[London] :$bAugener,$c[1912]
=300  \\$a1 score (4 leaves) ;$c(folio)
=336  \\$anotated music$2rdacontent
=337  \\$acomputer$2rdamedia
=337  \\$aunmediated$2rdamedia
=338  \\$aonline$2rdacarrier
=338  \\$avolume$2rdacarrier
=340  \\$mfolio$2rdabf
=500  \\$aProof-sheets, corrected by the composer.
=859  \\$aXLD$bWW1
=852  4\$cDRT$jDigital Store H.403.bb.(3.)$aBritish Library$bMUSIC
=985  \\$aCorrected by MS generated file for WR# 12.037
=985  \\$aCorrected by MS generated file for WR# 1805-0738
=CAT  \\$aBATCH-DCW$b00$c20141018$lBLL01$h1757
=CAT  \\$aBATCH-DCW$b00$c20141018$lBLL01$h1843
=CAT  \\$aWR15_100$c20150811$lBLL01$h0328
=CAT  \\$a1805-0738$c20181228$lBLL01$h1847
=CAT  \\$a1805-0738$b00$c20181228$lBLL01$h1932
=FIN  \\$aY$d20141018
=LKR  \\$aPAR$lBLL01$r776$b004249513$mOn Christmas night.$nOn Christmas night.
=DGM  \\$a004249513$bCatBridge variable field
=DRT  \\$aWW1
=SRC  \\$aWW1$bEuropeana_Collections_1914-1918_20140601_muscorr
=OHC  \\$a1
=LAS  \\$a1805-0738$b00$c20181228$lBLL01$h1932

