=LDR  01649 cm a22004577  4500
=001  016896449
=003  Uk
=005  20141018175752.0
=007  cr\mn\024mpada
=008  930310s1883\\\\enk|||\|s||||||||\\\und\|
=FMT  \\$a  MU
=019  d\$aam14700001
=040  \\$aUk$cUk
=082  14$a780$215
=100  1\$aButterworth, Hezekiah.
=245  14$aThe Choicest Gift. A Scripture cantata ... by H. Butterworth and G. J. Root.
=264  \1$aLondon,$c[1883]
=300  \\$c(8º)
=336  \\$anotated music$2rdacontent
=337  \\$acomputer$2rdamedia
=337  \\$aunmediated$2rdamedia
=338  \\$aonline$2rdacarrier
=338  \\$avolume$2rdacarrier
=340  \\$m8vo$2rdabf
=700  1\$aRoot, George F.$q(George Frederick),$d1820-1895.
=859  \\$aXLD$bWW1
=852  4\$cDRT$jDigital Store D.856.f.(7.)$aBritish Library$bMUSIC
=985  \\$aCorrected by MS generated file for WR# 12.037
=985  \\$aCorrected by MS generated file for WR# 1805-0738
=CAT  \\$aBATCH-DCW$b00$c20141018$lBLL01$h1757
=CAT  \\$aBATCH-DCW$b00$c20141018$lBLL01$h1843
=CAT  \\$aWR15_100$c20150811$lBLL01$h0328
=CAT  \\$a1805-0738$c20181228$lBLL01$h1847
=CAT  \\$a1805-0738$b00$c20181228$lBLL01$h1932
=FIN  \\$aY$d20141018
=LKR  \\$aPAR$lBLL01$r776$b004249520$mThe Choicest Gift. A Scripture cantata ... by H. Butterworth and G. J. Root.$nThe Choicest Gift. A Scripture cantata ... by H. Butterworth and G. J. Root.
=DGM  \\$a004249520$bCatBridge variable field
=DRT  \\$aWW1
=SRC  \\$aWW1$bEuropeana_Collections_1914-1918_20140601_muscorr
=OHC  \\$a1
=LAS  \\$a1805-0738$b00$c20181228$lBLL01$h1932

