=LDR  02099 cm a22004697  4500
=001  016896451
=003  Uk
=005  20210506151557.0
=007  cr\mn\024mpada
=008  930316s1919\\\\xxu|||\|s||||||||\\\eng\|
=FMT  \\$a  MU
=019  d\$ace12370003
=040  \\$aUk$cUk
=082  14$a780$215
=100  1\$aConverse, F. S.$q(Frederick Shepherd),$d1871-1940.
=245  14$aThe Answer of the Stars. In honor to American soldiers and sailors of the Great War. The poem by M. A. De Wolfe Howe. For chorus of mixed voices, soprano solo and orchestra.
=264  \1$aBoston :$bG. G. Birchard,$c[1919]
=300  \\$a18 pages ;$c(8º)
=336  \\$anotated music$2rdacontent
=337  \\$acomputer$2rdamedia
=337  \\$aunmediated$2rdamedia
=338  \\$aonline$2rdacarrier
=338  \\$avolume$2rdacarrier
=340  \\$m8vo$2rdabf
=859  \\$aXLD$bWW1
=883  0\$aLanguage codes assigned by Bayesian analysis of words present in record$d20210115$qUk$c0.9450
=852  4\$cDRT$jDigital Store F.1893.g.(5.)$aBritish Library$bMUSIC
=985  \\$aCorrected by MS generated file for WR# 12.037
=985  \\$aCorrected by MS generated file for WR# 1805-0738
=CAT  \\$aBATCH-DCW$b00$c20141018$lBLL01$h1757
=CAT  \\$aBATCH-DCW$b00$c20141018$lBLL01$h1843
=CAT  \\$aWR15_100$c20150811$lBLL01$h0328
=CAT  \\$a1805-0738$c20181228$lBLL01$h1847
=CAT  \\$a1805-0738$b00$c20181228$lBLL01$h1932
=CAT  \\$aW2102-0046$b00$c20210506$lBLL01$h1515
=FIN  \\$aY$d20141018
=LKR  \\$aPAR$lBLL01$r776$b004278344$mThe Answer of the Stars. In honor to American soldiers and sailors of the Great War. The poem by M. A. De Wolfe Howe. For chorus of mixed voices, soprano solo and orchestra.$nThe Answer of the Stars. In honor to American soldiers and sailors of the Great War. The poem by M. A. De Wolfe Howe. For chorus of mixed voices, soprano solo and orchestra.
=DGM  \\$a004278344$bCatBridge variable field
=DRT  \\$aWW1
=SRC  \\$aWW1$bEuropeana_Collections_1914-1918_20140601_muscorr
=OHC  \\$a1
=LAS  \\$aW2102-0046$b00$c20210506$lBLL01$h1515

