=LDR  01689 cm a22004337  4500
=001  016896452
=003  Uk
=005  20141018175752.0
=007  cr\mn\024mpada
=008  930316s1915\\\\fr\||a\|s||||||||\\\und\|
=FMT  \\$a  MU
=019  d\$ach03660049
=040  \\$aUk$cUk
=082  14$a780$215
=100  1\$aDebussy, Claude,$d1862-1918.
=245  10$aBerceuse héroique pour rendre Hommage à S. M. le Roi Albert 1er de Belgique et à ses Soldats. Partition d'Orchestre.
=264  \1$aParis :$bA. Durand & Fils,$c1915.
=300  \\$c(folio)
=336  \\$anotated music$2rdacontent
=337  \\$acomputer$2rdamedia
=337  \\$aunmediated$2rdamedia
=338  \\$aonline$2rdacarrier
=338  \\$avolume$2rdacarrier
=340  \\$mfolio$2rdabf
=859  \\$aXLD$bWW1
=852  4\$cDRT$jDigital Store h.1235.e.(4.)$aBritish Library$bMUSIC
=985  \\$aCorrected by MS generated file for WR# 1805-0738
=CAT  \\$aBATCH-DCW$b00$c20141018$lBLL01$h1757
=CAT  \\$aBATCH-DCW$b00$c20141018$lBLL01$h1843
=CAT  \\$aWR15_100$c20150811$lBLL01$h0328
=CAT  \\$a1805-0738$c20181228$lBLL01$h1847
=CAT  \\$a1805-0738$b00$c20181228$lBLL01$h1932
=FIN  \\$aY$d20141018
=LKR  \\$aPAR$lBLL01$r776$b004299409$mBerceuse héroique pour rendre Hommage à S. M. le Roi Albert 1er de Belgique et à ses Soldats. Partition d'Orchestre.$nBerceuse héroique pour rendre Hommage à S. M. le Roi Albert 1er de Belgique et à ses Soldats. Partition d'Orchestre.
=DGM  \\$a004299409$bCatBridge variable field
=DRT  \\$aWW1
=SRC  \\$aWW1$bEuropeana_Collections_1914-1918_20140601_muscorr
=OHC  \\$a1
=LAS  \\$a1805-0738$b00$c20181228$lBLL01$h1932

