=LDR  01598ccm a22004817  4500
=001  016896454
=003  Uk
=005  20230918151324.0
=007  cr\mn\024mpada
=008  930316s1922\\\\enk||z||s||||||||\\\und\|
=FMT  \\$a  MU
=019  d\$ach08470047
=040  \\$aUk$cUk
=082  14$a780$215
=100  1\$aDelius, Frederick,$d1862-1934.
=240  10$aDouble concerto
=245  10$a[Orchestral parts.]
=264  \1$a[London] :$bAugener,$c[1922]
=300  \\$a18 parts ;$c(folio)
=336  \\$anotated music$2rdacontent
=337  \\$acomputer$2rdamedia
=337  \\$aunmediated$2rdamedia
=338  \\$aonline$2rdacarrier
=338  \\$avolume$2rdacarrier
=340  \\$mfolio$2rdabf
=500  \\$aProof-sheets, with corrections in the hand of Jelka Delius.
=859  \\$aXLD$bWW1
=852  4\$cDRT$jDigital Store H.403.b.(3.)$aBritish Library$bMUSIC
=985  \\$aCorrected by MS generated file for WR# 1805-0738
=CAT  \\$aBATCH-DCW$b00$c20141018$lBLL01$h1757
=CAT  \\$aBATCH-DCW$b00$c20141018$lBLL01$h1843
=CAT  \\$aBATCH-UPD$b00$c20150520$lBLL01$h1023
=CAT  \\$aWR15_100$c20150811$lBLL01$h0328
=CAT  \\$a1805-0738$c20181228$lBLL01$h1847
=CAT  \\$a1805-0738$b00$c20181228$lBLL01$h1932
=CAT  \\$aMFISHER$b40$c20230918$lBLL01$h1513
=FIN  \\$aY$d20141018
=LKR  \\$aPAR$lBLL01$r776$b004300900$m[Orchestral parts.]$n[Orchestral parts.]
=DGM  \\$a004300900$bCatBridge variable field
=DRT  \\$aWW1
=SRC  \\$aWW1$bEuropeana_Collections_1914-1918_20140601_muscorr
=OHC  \\$a1
=LAS  \\$aMFISHER$b40$c20230918$lBLL01$h1513

