=LDR  01445ccm a22004217  4500
=001  016896455
=003  Uk
=005  20230918151330.0
=007  cr\mn\024mpada
=008  930316s1922\\\\enk||z||s||||||||\\\und\|
=FMT  \\$a  MU
=019  d\$ach08470048
=040  \\$aUk$cUk
=082  14$a780$215
=100  1\$aDelius, Frederick,$d1862-1934.
=240  10$aDouble concerto
=245  10$aConcerto for violin, violoncello & orchestra. [Orchestral parts.]
=260  \\$aLondon :$bAugener,$c1922.
=300  \\$c4.̊
=336  \\$anotated music$2rdacontent
=337  \\$acomputer$2rdamedia
=337  \\$aunmediated$2rdamedia
=338  \\$aonline$2rdacarrier
=338  \\$avolume$2rdacarrier
=859  \\$aXLD$bWW1
=852  4\$cDRT$jDigital Store g.1207.(7.)$aBritish Library$bMUSIC
=CAT  \\$aBATCH-DCW$b00$c20141018$lBLL01$h1757
=CAT  \\$aBATCH-DCW$b00$c20141018$lBLL01$h1843
=CAT  \\$aBATCH-UPD$b00$c20150520$lBLL01$h1023
=CAT  \\$aWR15_100$c20150811$lBLL01$h0328
=CAT  \\$aMFISHER$b40$c20230918$lBLL01$h1513
=FIN  \\$aY$d20141018
=LKR  \\$aPAR$lBLL01$r776$b004300901$mConcerto for violin, violoncello & orchestra. [Orchestral parts.]$nConcerto for violin, violoncello & orchestra. [Orchestral parts.]
=DGM  \\$a004300901$bCatBridge variable field
=DRT  \\$aWW1
=SRC  \\$aWW1$bEuropeana_Collections_1914-1918_20140601_muscorr
=OHC  \\$a1
=LAS  \\$aMFISHER$b40$c20230918$lBLL01$h1513

