=LDR  01574ccm a22004337  4500
=001  016896456
=003  Uk
=005  20230918151240.0
=007  cr\mn\024mpada
=008  930316s1920\\\\enk|||\|s||||||||\\\und\|
=FMT  \\$a  MU
=019  d\$ach08470049
=040  \\$aUk$cUk
=082  14$a780$215
=100  1\$aDelius, Frederick,$d1862-1934.
=240  10$aDouble concerto;$oarranged
=245  10$aConcerto for Violin, Violoncello & Pianoforte. (Pianoforte arrangement by P. Heseltine.).
=260  \\$aLondon :$bAugener,$c1920.
=300  \\$c4.̊
=336  \\$anotated music$2rdacontent
=337  \\$acomputer$2rdamedia
=337  \\$aunmediated$2rdamedia
=338  \\$aonline$2rdacarrier
=338  \\$avolume$2rdacarrier
=700  1\$aWarlock, Peter,$d1894-1930.
=859  \\$aXLD$bWW1
=852  4\$cDRT$jDigital Store g.420.r.(10.)$aBritish Library$bMUSIC
=CAT  \\$aBATCH-DCW$b00$c20141018$lBLL01$h1757
=CAT  \\$aBATCH-DCW$b00$c20141018$lBLL01$h1843
=CAT  \\$aBATCH-UPD$b00$c20150520$lBLL01$h1024
=CAT  \\$aWR15_100$c20150811$lBLL01$h0328
=CAT  \\$aMFISHER$b40$c20230918$lBLL01$h1512
=FIN  \\$aY$d20141018
=LKR  \\$aPAR$lBLL01$r776$b004300902$mConcerto for Violin, Violoncello & Pianoforte. (Pianoforte arrangement by P. Heseltine.).$nConcerto for Violin, Violoncello & Pianoforte. (Pianoforte arrangement by P. Heseltine.).
=DGM  \\$a004300902$bCatBridge variable field
=DRT  \\$aWW1
=SRC  \\$aWW1$bEuropeana_Collections_1914-1918_20140601_muscorr
=OHC  \\$a1
=LAS  \\$aMFISHER$b40$c20230918$lBLL01$h1512

