=LDR  01589 cm a22004577  4500
=001  016896457
=003  Uk
=005  20141018175752.0
=007  cr\mn\024mpada
=008  930316s1921\\\\au\||c\|s||||||||\\\und\|
=FMT  \\$a  MU
=019  d\$ach08470196
=040  \\$aUk$cUk
=082  14$a780$215
=100  1\$aDelius, Frederick,$d1862-1934.
=245  10$aRequiem ... Klavierauszug mit Text. Vocal Score.
=264  \1$aWien ;$aLeipzig :$bUniversal-Edition,$c1921.
=300  \\$c(4º)
=336  \\$anotated music$2rdacontent
=337  \\$acomputer$2rdamedia
=337  \\$aunmediated$2rdamedia
=338  \\$aonline$2rdacarrier
=338  \\$avolume$2rdacarrier
=340  \\$m4to$2rdabf
=859  \\$aXLD$bWW1
=852  4\$cDRT$jDigital Store G.1044.(4.)$aBritish Library$bMUSIC
=985  \\$aCorrected by MS generated file for WR# 12.037
=985  \\$aCorrected by MS generated file for WR# 1805-0738
=CAT  \\$aBATCH-DCW$b00$c20141018$lBLL01$h1757
=CAT  \\$aBATCH-DCW$b00$c20141018$lBLL01$h1843
=CAT  \\$aBATCH-UPD$b00$c20150520$lBLL01$h1024
=CAT  \\$aWR15_100$c20150811$lBLL01$h0328
=CAT  \\$a1805-0738$c20181228$lBLL01$h1847
=CAT  \\$a1805-0738$b00$c20181228$lBLL01$h1932
=FIN  \\$aY$d20141018
=LKR  \\$aPAR$lBLL01$r776$b004301017$mRequiem ... Klavierauszug mit Text. Vocal Score.$nRequiem ... Klavierauszug mit Text. Vocal Score.
=DGM  \\$a004301017$bCatBridge variable field
=DRT  \\$aWW1
=SRC  \\$aWW1$bEuropeana_Collections_1914-1918_20140601_muscorr
=OHC  \\$a1
=LAS  \\$a1805-0738$b00$c20181228$lBLL01$h1932

