=LDR  01854 cm a22004937  4500
=001  016896458
=003  Uk
=005  20210506151557.0
=007  cr\mn\024mpada
=008  930317s1914\\\\enk|||\|s||||||||\\\eng\|
=FMT  \\$a  MU
=019  d\$acm06000071
=040  \\$aUk$cUk
=082  14$a780$215
=100  1\$aElgar, Edward,$d1857-1934.
=245  14$aThe Birthright. Marching Song arranged for S. A. T. B., etc.
=264  \1$aLondon :$bNovello & Co,$c1914.
=300  \\$c(8º)
=336  \\$anotated music$2rdacontent
=337  \\$acomputer$2rdamedia
=337  \\$aunmediated$2rdamedia
=338  \\$aonline$2rdacarrier
=338  \\$avolume$2rdacarrier
=340  \\$m8vo$2rdabf
=490  0\$aNovello's Part-Song Book. Second Series. No. 1308. [1869, etc.]
=859  \\$aXLD$bWW1
=883  0\$aLanguage codes assigned by Bayesian analysis of words present in record$d20210115$qUk$c0.9450
=852  4\$aBritish Library$bMUSIC$cDRT$jDigital Store F.280.b./1308
=985  \\$aCorrected by MS generated file for WR# 12.037
=985  \\$aCorrected by MS generated file for WR# 1805-0738
=CAT  \\$aBATCH-DCW$b00$c20141018$lBLL01$h1757
=CAT  \\$aBATCH-DCW$b00$c20141018$lBLL01$h1843
=CAT  \\$aBATCH-UPD$b00$c20150520$lBLL01$h1028
=CAT  \\$aWR15_100$c20150811$lBLL01$h0328
=CAT  \\$a1805-0738$c20181228$lBLL01$h1847
=CAT  \\$a1805-0738$b00$c20181228$lBLL01$h1932
=CAT  \\$aW2102-0046$b00$c20210506$lBLL01$h1515
=FIN  \\$aY$d20141018
=LKR  \\$aPAR$lBLL01$r776$b004322445$mThe Birthright. Marching Song arranged for S. A. T. B., etc.$nThe Birthright. Marching Song arranged for S. A. T. B., etc.
=DGM  \\$a004322445$bCatBridge variable field
=DRT  \\$aWW1
=SRC  \\$aWW1$bEuropeana_Collections_1914-1918_20140601_muscorr
=OHC  \\$a1
=LAS  \\$aW2102-0046$b00$c20210506$lBLL01$h1515

