=LDR  01762 cm a22005057  4500
=001  016896459
=003  Uk
=005  20141018175752.0
=007  cr\mn\024mpada
=008  930317s1915\\\\enk||ee|s||||||||\\\zxx\|
=FMT  \\$a  MU
=019  d\$acm06000102
=040  \\$aUk$cUk
=082  14$a780$215
=100  1\$aElgar, Edward,$d1857-1934.
=240  10$aCarillon;$oarranged
=245  10$aCarillon :$bop. 75 /$c[arranged by Adolf Schmid].
=254  \\$aFull orchestra (including piano conductor).
=264  \1$aLondon :$bElkin & Co,$cc1915.
=300  \\$a1 piano conductor + 22 parts ;$c(4º)
=336  \\$anotated music$2rdacontent
=337  \\$acomputer$2rdamedia
=337  \\$aunmediated$2rdamedia
=338  \\$aonline$2rdacarrier
=338  \\$avolume$2rdacarrier
=340  \\$m4to$2rdabf
=500  \\$aOn piano conductor: "Small orchestral arrangement by Adolf Schmid".
=700  1\$aSchmid, Adolf,$d1868-1958.
=859  \\$aXLD$bWW1
=852  4\$cDRT$jDigital Store h.3930.(38.)$aBritish Library$bMUSIC
=985  \\$aCorrected by MS generated file for WR# 12.037
=985  \\$aRecord amended for WR# 13/070
=985  \\$aCorrected by MS generated file for WR# 1805-0738
=CAT  \\$aBATCH-DCW$b00$c20141018$lBLL01$h1757
=CAT  \\$aBATCH-DCW$b00$c20141018$lBLL01$h1843
=CAT  \\$aWR15_100$c20150811$lBLL01$h0328
=CAT  \\$a1805-0738$c20181228$lBLL01$h1847
=CAT  \\$a1805-0738$b00$c20181228$lBLL01$h1932
=FIN  \\$aY$d20141018
=LKR  \\$aPAR$lBLL01$r776$b004322471$mCarillon : op. 75 /$nCarillon : op. 75 /
=DGM  \\$a004322471$bCatBridge variable field
=DRT  \\$aWW1
=SRC  \\$aWW1$bEuropeana_Collections_1914-1918_20140601_muscorr
=OHC  \\$a1
=LAS  \\$a1805-0738$b00$c20181228$lBLL01$h1932

