=LDR  02068 cm a22004937  4500
=001  016896460
=003  Uk
=005  20141018175752.0
=007  cr\mn\024mpada
=008  930317s1915\\\\enk|||\|s||||||||\\\und\|
=FMT  \\$a  MU
=019  d\$acm06000104
=040  \\$aUk$cUk
=082  14$a780$215
=100  1\$aElgar, Edward,$d1857-1934.
=245  10$aCarillon ... Piano solo, etc. (Piano solo, simplified.) (Arranged for the organ by H. Blair.) (Piano, organ ... and bells ... arranged by A. W. Ketelbey.).
=264  \1$aLondon :$bElkin & Co,$c1915.
=300  \\$a4 nos ;$c(folio)
=336  \\$anotated music$2rdacontent
=337  \\$acomputer$2rdamedia
=337  \\$aunmediated$2rdamedia
=338  \\$aonline$2rdacarrier
=338  \\$avolume$2rdacarrier
=340  \\$mfolio$2rdabf
=700  1\$aBlair, Hugh,$d1864-1932.
=700  1\$aKetèlbey, Albert W.$q(Albert William),$d1875-1959.
=859  \\$aXLD$bWW1
=852  4\$cDRT$jDigital Store h.3930.l.(7.)$aBritish Library$bMUSIC
=985  \\$aCorrected by MS generated file for WR# 12.037
=985  \\$aCorrected by MS generated file for WR# 1805-0738
=CAT  \\$aBATCH-DCW$b00$c20141018$lBLL01$h1757
=CAT  \\$aBATCH-DCW$b00$c20141018$lBLL01$h1843
=CAT  \\$aBATCH-UPD$b00$c20150520$lBLL01$h1027
=CAT  \\$aWR15_100$c20150811$lBLL01$h0328
=CAT  \\$a1805-0738$c20181228$lBLL01$h1847
=CAT  \\$a1805-0738$b00$c20181228$lBLL01$h1932
=CAT  \\$aBATCH-UPD$b00$c20200428$lBLL01$h2024
=FIN  \\$aY$d20141018
=LKR  \\$aPAR$lBLL01$r776$b004322473$mCarillon ... Piano solo, etc. (Piano solo, simplified.) (Arranged for the organ by H. Blair.) (Piano, organ ... and bells ... arranged by A. W. Ketelbey.).$nCarillon ... Piano solo, etc. (Piano solo, simplified.) (Arranged for the organ by H. Blair.) (Piano, organ ... and bells ... arranged by A. W. Ketelbey.).
=DGM  \\$a004322473$bCatBridge variable field
=DRT  \\$aWW1
=SRC  \\$aWW1$bEuropeana_Collections_1914-1918_20140601_muscorr
=OHC  \\$a1
=LAS  \\$aBATCH-UPD$b00$c20200428$lBLL01$h2024

