=LDR  01808 cm a22004817  4500
=001  016896462
=003  Uk
=005  20210506151557.0
=007  cr\mn\024mpada
=008  930317s1917\\\\enk|||\|s||||||||\\\eng\|
=FMT  \\$a  MU
=019  d\$acm06000277
=040  \\$aUk$cUk
=082  14$a780$215
=100  1\$aElgar, Edward,$d1857-1934.
=245  10$aFour Songs from "The Fringes of the Fleet," the poems by R. Kipling.
=264  \1$aLondon :$bEnoch & Sons,$c1917.
=300  \\$c(4º)
=336  \\$anotated music$2rdacontent
=337  \\$acomputer$2rdamedia
=338  \\$aonline$2rdacarrier
=338  \\$avolume$2rdacarrier
=340  \\$m4to$2rdabf
=859  \\$aXLD$bWW1
=883  0\$aLanguage codes assigned by Bayesian analysis of words present in record$d20210115$qUk$c0.9450
=852  4\$cDRT$jDigital Store G.425.x.(9.)$aBritish Library$bMUSIC
=985  \\$aCorrected by MS generated file for WR# 12.037
=985  \\$aCorrected by MS generated file for WR# 1805-0738
=CAT  \\$aBATCH-DCW$b00$c20141018$lBLL01$h1757
=CAT  \\$aBATCH-DCW$b00$c20141018$lBLL01$h1843
=CAT  \\$aBATCH-UPD$b00$c20150520$lBLL01$h1025
=CAT  \\$aWR15_100$c20150811$lBLL01$h0328
=CAT  \\$a6550$b40$c20180305$lBLL01$h1041
=CAT  \\$a1805-0738$c20181228$lBLL01$h1847
=CAT  \\$a1805-0738$b00$c20181228$lBLL01$h1932
=CAT  \\$aW2102-0046$b00$c20210506$lBLL01$h1515
=FIN  \\$aY$d20141018
=LKR  \\$aPAR$lBLL01$r776$b004322624$mFour Songs from "The Fringes of the Fleet," the poems by R. Kipling.$nFour Songs from "The Fringes of the Fleet," the poems by R. Kipling.
=DGM  \\$a004322624$bCatBridge variable field
=DRT  \\$aWW1
=SRC  \\$aWW1$bEuropeana_Collections_1914-1918_20140601_muscorr
=OHC  \\$a1
=LAS  \\$aW2102-0046$b00$c20210506$lBLL01$h1515

