=LDR  02403 cm a22005177  4500
=001  016896468
=003  Uk
=005  20200909110127.0
=007  cr\mn\024mpada
=008  930317s1902\\\\enk|||\|s||||||||\\\und\|
=FMT  \\$a  MU
=019  d\$acm06000593
=040  \\$aUk$cUk
=082  14$a780$215
=100  1\$aElgar, Edward,$d1857-1934.
=240  10$aPomp and circumstance.$nNo. 1-2;$oarranged
=245  10$aPomp and Circumstance. Military Marches. - Op. 39. - No. 1 in D ... Arranged as an Organ Solo by E. H. Lemare (arrangement for Pianoforte Solo (Duet) by A. Schmid). (No. 2 in A minor. Arrangement for Pianoforte Solo by A. Schmid.).
=264  \1$aLondon ;$aNew York :$bBoosey & Co,$c1902.
=300  \\$a4 nos ;$c(folio)
=336  \\$anotated music$2rdacontent
=337  \\$acomputer$2rdamedia
=337  \\$aunmediated$2rdamedia
=338  \\$aonline$2rdacarrier
=338  \\$avolume$2rdacarrier
=340  \\$mfolio$2rdabf
=700  1\$aLemare, Edwin H.$q(Edwin Henry),$d1865-1934.
=700  1\$aSchmid, Adolf,$d1868-1958.
=859  \\$aXLD$bWW1
=852  4\$cDRT$jDigital Store h.3930.c.(8.)$aBritish Library$bMUSIC
=985  \\$aCorrected by MS generated file for WR# 12.037
=985  \\$aCorrected by MS generated file for WR# 1805-0738
=CAT  \\$aBATCH-DCW$b00$c20141018$lBLL01$h1757
=CAT  \\$aBATCH-DCW$b00$c20141018$lBLL01$h1843
=CAT  \\$aBATCH-UPD$b00$c20150520$lBLL01$h1028
=CAT  \\$a11814$b40$c20150526$lBLL01$h1513
=CAT  \\$aWR15_100$c20150811$lBLL01$h0328
=CAT  \\$a1805-0738$c20181228$lBLL01$h1847
=CAT  \\$a1805-0738$b00$c20181228$lBLL01$h1932
=CAT  \\$a11814$b40$c20200909$lBLL01$h1101
=FIN  \\$aY$d20141018
=LKR  \\$aPAR$lBLL01$r776$b004322866$mPomp and Circumstance. Military Marches. - Op. 39. - No. 1 in D ... Arranged as an Organ Solo by E. H. Lemare (arrangement for Pianoforte Solo (Duet) by A. Schmid). (No. 2 in A minor. Arrangement for Pianoforte Solo by A. Schmid.).$nPomp and Circumstance. Military Marches. - Op. 39. - No. 1 in D ... Arranged as an Organ Solo by E. H. Lemare (arrangement for Pianoforte Solo (Duet) by A. Schmid). (No. 2 in A minor. Arrangement for Pianoforte Solo by A. Schmid.).
=DGM  \\$a004322866$bCatBridge variable field
=DRT  \\$aWW1
=SRC  \\$aWW1$bEuropeana_Collections_1914-1918_20140601_muscorr
=OHC  \\$a1
=LAS  \\$a11814$b40$c20200909$lBLL01$h1101

