=LDR  02025ccm a22005297  4500
=001  016896469
=003  Uk
=005  20220412100723.0
=007  cr\mn\024mpada
=008  930317s1905\\\\xx\|||\|s||||||||\\\eng\|
=FMT  \\$a  MU
=019  d\$acm06000599
=040  \\$aUk$cUk
=082  14$a780$215
=100  1\$aElgar, Edward,$d1857-1934.
=240  10$aLand of hope and glory,$mvoice, piano
=245  10$aLand of Hope and Glory. Song. The words by Arthur C. Benson, etc. <No. 1 in B♭.>.
=264  \1$c[ca. 1905]
=300  \\$a8 pages ;$c(folio)
=336  \\$anotated music$2rdacontent
=337  \\$acomputer$2rdamedia
=337  \\$aunmediated$2rdamedia
=338  \\$aonline$2rdacarrier
=338  \\$avolume$2rdacarrier
=340  \\$mfolio$2rdabf
=500  \\$aA pirated edition.
=859  \\$aXLD$bWW1
=883  0\$aLanguage codes assigned by Bayesian analysis of words present in record$d20210115$qUk$c0.9450
=852  4\$cDRT$jDigital Store H.1848.a.(17.)$aBritish Library$bMUSIC
=985  \\$aCorrected by MS generated file for WR# 12.037
=985  \\$aCorrected by MS generated file for WR# 1805-0738
=CAT  \\$aBATCH-DCW$b00$c20141018$lBLL01$h1757
=CAT  \\$aBATCH-DCW$b00$c20141018$lBLL01$h1843
=CAT  \\$aBATCH-UPD$b00$c20150520$lBLL01$h1028
=CAT  \\$a11814$b40$c20150526$lBLL01$h1417
=CAT  \\$aWR15_100$c20150811$lBLL01$h0328
=CAT  \\$a1805-0738$c20181228$lBLL01$h1847
=CAT  \\$a1805-0738$b00$c20181228$lBLL01$h1932
=CAT  \\$aW2102-0046$b00$c20210506$lBLL01$h1515
=CAT  \\$aMFISHER$b40$c20220412$lBLL01$h1007
=FIN  \\$aY$d20141018
=LKR  \\$aPAR$lBLL01$r776$b004322872$mLand of Hope and Glory. Song. The words by Arthur C. Benson, etc. <No. 1 in B♭.>.$nLand of Hope and Glory. Song. The words by Arthur C. Benson, etc. <No. 1 in B♭.>.
=DGM  \\$a004322872$bCatBridge variable field
=DRT  \\$aWW1
=SRC  \\$aWW1$bEuropeana_Collections_1914-1918_20140601_muscorr
=OHC  \\$a1
=LAS  \\$aMFISHER$b40$c20220412$lBLL01$h1007

