=LDR  01772ccm a22004817  4500
=001  016896475
=003  Uk
=005  20220412131101.0
=007  cr\mn\024mpada
=008  930317s1899\\\\enk||a\|s||||||||\\\und\|
=FMT  \\$a  MU
=019  d\$acm06000890
=040  \\$aUk$cUk
=082  14$a780$215
=100  1\$aElgar, Edward,$d1857-1934.
=240  10$aVariations on an original theme
=245  10$aVariations on an original Theme for orchestra ... (Op. 36.) Full Score.
=264  \1$aLondon; Leipzig printed :$bNovello and Co,$c[1899]
=300  \\$a128 pages ;$c(folio)
=336  \\$anotated music$2rdacontent
=337  \\$acomputer$2rdamedia
=337  \\$aunmediated$2rdamedia
=338  \\$aonline$2rdacarrier
=338  \\$avolume$2rdacarrier
=340  \\$mfolio$2rdabf
=859  \\$aXLD$bWW1
=852  4\$cDRT$jDigital Store h.3930.a.$aBritish Library$bMUSIC
=985  \\$aCorrected by MS generated file for WR# 12.037
=985  \\$aCorrected by MS generated file for WR# 1805-0738
=CAT  \\$aBATCH-DCW$b00$c20141018$lBLL01$h1757
=CAT  \\$aBATCH-DCW$b00$c20141018$lBLL01$h1843
=CAT  \\$aBATCH-UPD$b00$c20150520$lBLL01$h1028
=CAT  \\$aWR15_100$c20150811$lBLL01$h0328
=CAT  \\$a1805-0738$c20181228$lBLL01$h1847
=CAT  \\$a1805-0738$b00$c20181228$lBLL01$h1932
=CAT  \\$aMFISHER$b40$c20220412$lBLL01$h1311
=FIN  \\$aY$d20141018
=LKR  \\$aPAR$lBLL01$r776$b004323115$mVariations on an original Theme for orchestra ... (Op. 36.) Full Score.$nVariations on an original Theme for orchestra ... (Op. 36.) Full Score.
=DGM  \\$a004323115$bCatBridge variable field
=DRT  \\$aWW1
=SRC  \\$aWW1$bEuropeana_Collections_1914-1918_20140601_muscorr
=OHC  \\$a1
=LAS  \\$aMFISHER$b40$c20220412$lBLL01$h1311

