=LDR  01493 cm a22004457  4500
=001  016896480
=003  Uk
=005  20141018175753.0
=007  cr\mn\024mpada
=008  930317s1920\\\\enk|||\|s||||||||\\\und\|
=FMT  \\$a  MU
=019  d\$ada11980010
=040  \\$aUk$cUk
=082  14$a780$215
=100  1\$aFarrar, Ernest,$d1885-1918.
=245  10$aThree Chorale-Preludes. Op. 7. (Organ.).
=264  \1$aLondon :$bAugener,$c1920.
=300  \\$c(4º)
=336  \\$anotated music$2rdacontent
=337  \\$acomputer$2rdamedia
=337  \\$aunmediated$2rdamedia
=338  \\$aonline$2rdacarrier
=338  \\$avolume$2rdacarrier
=340  \\$m4to$2rdabf
=859  \\$aXLD$bWW1
=852  4\$cDRT$jDigital Store g.1380.e.(36.)$aBritish Library$bMUSIC
=985  \\$aCorrected by MS generated file for WR# 12.037
=985  \\$aCorrected by MS generated file for WR# 1805-0738
=CAT  \\$aBATCH-DCW$b00$c20141018$lBLL01$h1757
=CAT  \\$aBATCH-DCW$b00$c20141018$lBLL01$h1843
=CAT  \\$aWR15_100$c20150811$lBLL01$h0328
=CAT  \\$a1805-0738$c20181228$lBLL01$h1847
=CAT  \\$a1805-0738$b00$c20181228$lBLL01$h1932
=FIN  \\$aY$d20141018
=LKR  \\$aPAR$lBLL01$r776$b004331999$mThree Chorale-Preludes. Op. 7. (Organ.).$nThree Chorale-Preludes. Op. 7. (Organ.).
=DGM  \\$a004331999$bCatBridge variable field
=DRT  \\$aWW1
=SRC  \\$aWW1$bEuropeana_Collections_1914-1918_20140601_muscorr
=OHC  \\$a1
=LAS  \\$a1805-0738$b00$c20181228$lBLL01$h1932

