=LDR  01587 cm a22004577  4500
=001  016896491
=003  Uk
=005  20141018175753.0
=007  cr\mn\024mpada
=008  930317s1925\\\\enk||a\|s||||||||\\\und\|
=FMT  \\$a  MU
=019  d\$ada11980037
=040  \\$aUk$cUk
=082  14$a780$215
=100  1\$aFarrar, Ernest,$d1885-1918.
=245  10$aThree Spiritual Studies for String Orchestra. Score.
=264  \1$aLondon :$bStainer & Bell,$c1925.
=300  \\$c(8º)
=336  \\$anotated music$2rdacontent
=337  \\$acomputer$2rdamedia
=337  \\$aunmediated$2rdamedia
=338  \\$aonline$2rdacarrier
=338  \\$avolume$2rdacarrier
=340  \\$m8vo$2rdabf
=490  0\$aCarnegie Collection of British Music
=859  \\$aXLD$bWW1
=852  4\$cDRT$jDigital Store e.668.c.(4.)$aBritish Library$bMUSIC
=985  \\$aCorrected by MS generated file for WR# 12.037
=985  \\$aCorrected by MS generated file for WR# 1805-0738
=CAT  \\$aBATCH-DCW$b00$c20141018$lBLL01$h1757
=CAT  \\$aBATCH-DCW$b00$c20141018$lBLL01$h1843
=CAT  \\$aWR15_100$c20150811$lBLL01$h0328
=CAT  \\$a1805-0738$c20181228$lBLL01$h1847
=CAT  \\$a1805-0738$b00$c20181228$lBLL01$h1932
=FIN  \\$aY$d20141018
=LKR  \\$aPAR$lBLL01$r776$b004332025$mThree Spiritual Studies for String Orchestra. Score.$nThree Spiritual Studies for String Orchestra. Score.
=DGM  \\$a004332025$bCatBridge variable field
=DRT  \\$aWW1
=SRC  \\$aWW1$bEuropeana_Collections_1914-1918_20140601_muscorr
=OHC  \\$a1
=LAS  \\$a1805-0738$b00$c20181228$lBLL01$h1932

