=LDR  02023 cm a22004817  4500
=001  016896495
=003  Uk
=005  20210506151558.0
=007  cr\mn\024mpada
=008  930317s1915\\\\enk|||\|s||||||||\\\eng\|
=FMT  \\$a  MU
=019  d\$ade08180179
=040  \\$aUk$cUk
=082  14$a780$215
=100  1\$aGerman, Edward,$d1862-1936.
=245  10$aIntercessory Hymn, adapted from the Hymn in King Albert's Book, the words ... by W. H. Scott. (Intercessory Hymn. Revised version.).
=264  \1$aLondon :$bNovello & Co,$c1915.
=300  \\$a2 no ;$c(8º)
=336  \\$anotated music$2rdacontent
=337  \\$acomputer$2rdamedia
=337  \\$aunmediated$2rdamedia
=338  \\$aonline$2rdacarrier
=338  \\$avolume$2rdacarrier
=340  \\$m8vo$2rdabf
=490  0\$aNovello's Parish Choir Book,etc.No. 933, 933a. [1866,etc.]
=859  \\$aXLD$bWW1
=883  0\$aLanguage codes assigned by Bayesian analysis of words present in record$d20210115$qUk$c0.9450
=852  4\$aBritish Library$bMUSIC$cDRT$jDigital Store E.618./933,933a
=985  \\$aCorrected by MS generated file for WR# 12.037
=985  \\$aCorrected by MS generated file for WR# 1805-0738
=CAT  \\$aBATCH-DCW$b00$c20141018$lBLL01$h1757
=CAT  \\$aBATCH-DCW$b00$c20141018$lBLL01$h1843
=CAT  \\$aWR15_100$c20150811$lBLL01$h0328
=CAT  \\$a1805-0738$c20181228$lBLL01$h1847
=CAT  \\$a1805-0738$b00$c20181228$lBLL01$h1932
=CAT  \\$aW2102-0046$b00$c20210506$lBLL01$h1515
=FIN  \\$aY$d20141018
=LKR  \\$aPAR$lBLL01$r776$b004356451$mIntercessory Hymn, adapted from the Hymn in King Albert's Book, the words ... by W. H. Scott. (Intercessory Hymn. Revised version.).$nIntercessory Hymn, adapted from the Hymn in King Albert's Book, the words ... by W. H. Scott. (Intercessory Hymn. Revised version.).
=DGM  \\$a004356451$bCatBridge variable field
=DRT  \\$aWW1
=SRC  \\$aWW1$bEuropeana_Collections_1914-1918_20140601_muscorr
=OHC  \\$a1
=LAS  \\$aW2102-0046$b00$c20210506$lBLL01$h1515

