=LDR  01813 cm a22004817  4500
=001  016896496
=003  Uk
=005  20210506151558.0
=007  cr\mn\024mpada
=008  930318s1938\\\\enk|||\|s||||||||\\\eng\|
=FMT  \\$a  MU
=019  d\$adg19550001
=040  \\$aUk$cUk
=082  14$a780$215
=100  1\$aGurney, Ivor,$d1890-1937.
=245  10$aTwenty Songs,etc.[With a bibliographical preface by Marion M. Scott.]
=264  \1$aLondon :$bOxford University Press,$c1938.
=300  \\$a2 volumes ;$c(4º)
=336  \\$anotated music$2rdacontent
=337  \\$acomputer$2rdamedia
=337  \\$aunmediated$2rdamedia
=338  \\$aonline$2rdacarrier
=338  \\$avolume$2rdacarrier
=340  \\$m4to$2rdabf
=700  1\$aScott, Marion Margaret.
=859  \\$aXLD$bWW1
=883  0\$aLanguage codes assigned by Bayesian analysis of words present in record$d20210115$qUk$c0.9450
=852  4\$cDRT$jDigital Store G.1270.oo.(24.)$aBritish Library$bMUSIC
=985  \\$aCorrected by MS generated file for WR# 12.037
=985  \\$aCorrected by MS generated file for WR# 1805-0738
=CAT  \\$aBATCH-DCW$b00$c20141018$lBLL01$h1757
=CAT  \\$aBATCH-DCW$b00$c20141018$lBLL01$h1843
=CAT  \\$aWR15_100$c20150811$lBLL01$h0328
=CAT  \\$a1805-0738$c20181228$lBLL01$h1847
=CAT  \\$a1805-0738$b00$c20181228$lBLL01$h1932
=CAT  \\$aW2102-0046$b00$c20210506$lBLL01$h1515
=FIN  \\$aY$d20141018
=LKR  \\$aPAR$lBLL01$r776$b004382171$mTwenty Songs,etc.[With a bibliographical preface by Marion M. Scott.]$nTwenty Songs,etc.[With a bibliographical preface by Marion M. Scott.]
=DGM  \\$a004382171$bCatBridge variable field
=DRT  \\$aWW1
=SRC  \\$aWW1$bEuropeana_Collections_1914-1918_20140601_muscorr
=OHC  \\$a1
=LAS  \\$aW2102-0046$b00$c20210506$lBLL01$h1515

