=LDR  01595 cm a22004457  4500
=001  016896499
=003  Uk
=005  20141018175753.0
=007  cr\mn\024mpada
=008  930318s1940\\\\enk|||\|s||||||||\\\und\|
=FMT  \\$a  MU
=019  d\$adg19550019
=040  \\$aUk$cUk
=082  14$a780$215
=100  1\$aGurney, Ivor,$d1890-1937.
=245  10$aTwo Pieces for Violin & Piano. 1. The Apple Orchard. (2. Scherzo.).
=264  \1$aLondon :$bOxford University Press,$c1940.
=300  \\$a2 no ;$c(4º)
=336  \\$anotated music$2rdacontent
=337  \\$acomputer$2rdamedia
=337  \\$aunmediated$2rdamedia
=338  \\$aonline$2rdacarrier
=338  \\$avolume$2rdacarrier
=340  \\$m4to$2rdabf
=859  \\$aXLD$bWW1
=852  4\$cDRT$jDigital Store g.505.uu.(2.)$aBritish Library$bMUSIC
=985  \\$aCorrected by MS generated file for WR# 12.037
=985  \\$aCorrected by MS generated file for WR# 1805-0738
=CAT  \\$aBATCH-DCW$b00$c20141018$lBLL01$h1757
=CAT  \\$aBATCH-DCW$b00$c20141018$lBLL01$h1843
=CAT  \\$aWR15_100$c20150811$lBLL01$h0328
=CAT  \\$a1805-0738$c20181228$lBLL01$h1847
=CAT  \\$a1805-0738$b00$c20181228$lBLL01$h1932
=FIN  \\$aY$d20141018
=LKR  \\$aPAR$lBLL01$r776$b004382188$mTwo Pieces for Violin & Piano. 1. The Apple Orchard. (2. Scherzo.).$nTwo Pieces for Violin & Piano. 1. The Apple Orchard. (2. Scherzo.).
=DGM  \\$a004382188$bCatBridge variable field
=DRT  \\$aWW1
=SRC  \\$aWW1$bEuropeana_Collections_1914-1918_20140601_muscorr
=OHC  \\$a1
=LAS  \\$a1805-0738$b00$c20181228$lBLL01$h1932

