=LDR  01344 cm a22003977  4500
=001  016896505
=003  Uk
=005  20141018175753.0
=007  cr\mn\024mpada
=008  930318s1903\\\\xx\||z||s||||||||\\\und\|
=FMT  \\$a  MU
=019  d\$adk21010002
=040  \\$aUk$cUk
=082  14$a780$215
=100  1\$aHoby, John Charles James.
=245  10$aBarcarolle. Two-Part Song, written and composed by C. Hoby.
=260  \\$c1903.
=300  \\$c8.̊
=336  \\$anotated music$2rdacontent
=337  \\$acomputer$2rdamedia
=337  \\$aunmediated$2rdamedia
=338  \\$aonline$2rdacarrier
=338  \\$avolume$2rdacarrier
=490  0\$aMacNaught(W. G.) Novello's School Songs. No. 729. 1892,etc.
=859  \\$aXLD$bWW1
=852  4\$aBritish Library$bMUSIC$cDRT$jDigital Store F.280.d./729
=CAT  \\$aBATCH-DCW$b00$c20141018$lBLL01$h1757
=CAT  \\$aBATCH-DCW$b00$c20141018$lBLL01$h1843
=CAT  \\$aWR15_100$c20150811$lBLL01$h0328
=FIN  \\$aY$d20141018
=LKR  \\$aPAR$lBLL01$r776$b004414834$mBarcarolle. Two-Part Song, written and composed by C. Hoby.$nBarcarolle. Two-Part Song, written and composed by C. Hoby.
=DGM  \\$a004414834$bCatBridge variable field
=DRT  \\$aWW1
=SRC  \\$aWW1$bEuropeana_Collections_1914-1918_20140601_muscorr
=OHC  \\$a1
=LAS  \\$aWR15_100$b00$c20150811$lBLL01$h0328

