=LDR  01686 cm a22004577  4500
=001  016896506
=003  Uk
=005  20141018175753.0
=007  cr\mn\024mpada
=008  930318s1922\\\\enk||c\|s||||||||\\\und\|
=FMT  \\$a  MU
=019  d\$adm05880207
=040  \\$aUk$cUk
=082  14$a780$215
=100  1\$aHolst, Gustav,$d1874-1934.
=245  10$aOde to Death. Poem by W. Whitman ... for chorus and orchestra. Op. 38. [Vocal score.]
=264  \1$aLondon :$bNovello and Co,$c1922.
=300  \\$c(8º)
=336  \\$anotated music$2rdacontent
=337  \\$acomputer$2rdamedia
=337  \\$aunmediated$2rdamedia
=338  \\$aonline$2rdacarrier
=338  \\$avolume$2rdacarrier
=340  \\$m8vo$2rdabf
=859  \\$aXLD$bWW1
=852  4\$cDRT$jDigital Store E.1592.o.(4.)$aBritish Library$bMUSIC
=985  \\$aCorrected by MS generated file for WR# 12.037
=985  \\$aCorrected by MS generated file for WR# 1805-0738
=CAT  \\$aBATCH-DCW$b00$c20141018$lBLL01$h1757
=CAT  \\$aBATCH-DCW$b00$c20141018$lBLL01$h1843
=CAT  \\$aBATCH-UPD$b00$c20150520$lBLL01$h1023
=CAT  \\$aWR15_100$c20150811$lBLL01$h0328
=CAT  \\$a1805-0738$c20181228$lBLL01$h1847
=CAT  \\$a1805-0738$b00$c20181228$lBLL01$h1932
=FIN  \\$aY$d20141018
=LKR  \\$aPAR$lBLL01$r776$b004418495$mOde to Death. Poem by W. Whitman ... for chorus and orchestra. Op. 38. [Vocal score.]$nOde to Death. Poem by W. Whitman ... for chorus and orchestra. Op. 38. [Vocal score.]
=DGM  \\$a004418495$bCatBridge variable field
=DRT  \\$aWW1
=SRC  \\$aWW1$bEuropeana_Collections_1914-1918_20140601_muscorr
=OHC  \\$a1
=LAS  \\$a1805-0738$b00$c20181228$lBLL01$h1932

