=LDR  01884 cm a22005177  4500
=001  016896507
=003  Uk
=005  20150609154713.0
=007  cr\mn\024mpada
=008  930318s1923\\\\enk|||\|s||||||||\\\und\|
=FMT  \\$a  MU
=019  d\$adm05880238
=040  \\$aUk$cUk
=082  14$a780$215
=100  1\$aHolst, Gustav,$d1874-1934.
=240  10$aPlanets;$oarranged
=245  14$aThe Planets ... Op. 32. Arranged for pianoforte duet by Nora Day and Vally Lasker.
=264  \1$aLondon :$bF.& B. Goodwin,$c1923.
=300  \\$c(folio)
=336  \\$anotated music$2rdacontent
=337  \\$acomputer$2rdamedia
=337  \\$aunmediated$2rdamedia
=338  \\$aonline$2rdacarrier
=338  \\$avolume$2rdacarrier
=340  \\$mfolio$2rdabf
=700  1\$aDay, Nora,$d1891-1985.
=700  1\$aLasker, Vally.
=859  \\$aXLD$bWW1
=852  4\$cDRT$jDigital Store h.3939.b.(5.)$aBritish Library$bMUSIC
=985  \\$aCorrected by MS generated file for WR# 12.037
=985  \\$aCorrected by MS generated file for WR# 1805-0738
=CAT  \\$aBATCH-DCW$b00$c20141018$lBLL01$h1757
=CAT  \\$aBATCH-DCW$b00$c20141018$lBLL01$h1843
=CAT  \\$aBATCH-UPD$b00$c20150520$lBLL01$h1023
=CAT  \\$a11814$b40$c20150609$lBLL01$h1538
=CAT  \\$a11814$b40$c20150609$lBLL01$h1547
=CAT  \\$aWR15_100$c20150811$lBLL01$h0328
=CAT  \\$a1805-0738$c20181228$lBLL01$h1847
=CAT  \\$a1805-0738$b00$c20181228$lBLL01$h1932
=FIN  \\$aY$d20141018
=LKR  \\$aPAR$lBLL01$r776$b004418518$mThe Planets ... Op. 32. Arranged for pianoforte duet by Nora Day and Vally Lasker.$nThe Planets ... Op. 32. Arranged for pianoforte duet by Nora Day and Vally Lasker.
=DGM  \\$a004418518$bCatBridge variable field
=DRT  \\$aWW1
=SRC  \\$aWW1$bEuropeana_Collections_1914-1918_20140601_muscorr
=OHC  \\$a1
=LAS  \\$a1805-0738$b00$c20181228$lBLL01$h1932

