=LDR  01886 cm a22005057  4500
=001  016896508
=003  Uk
=005  20210506151558.0
=007  cr\mn\024mpada
=008  930318s1921\\\\enk|||\|s||||||||\\\eng\|
=FMT  \\$a  MU
=019  d\$adm05880249
=040  \\$aUk$cUk
=082  14$a780$215
=100  1\$aHolst, Gustav,$d1874-1934.
=240  10$aPlanets.$pJupiter;$oarranged
=245  10$aI vow to thee, my Country. Unison Song, words by C. S. Rice, etc.
=264  \1$aLondon :$bGoodwin & Tabb,$c1921.
=300  \\$c(8º)
=336  \\$anotated music$2rdacontent
=337  \\$acomputer$2rdamedia
=337  \\$aunmediated$2rdamedia
=338  \\$aonline$2rdacarrier
=338  \\$avolume$2rdacarrier
=340  \\$m8vo$2rdabf
=859  \\$aXLD$bWW1
=883  0\$aLanguage codes assigned by Bayesian analysis of words present in record$d20210115$qUk$c0.9450
=852  4\$cDRT$jDigital Store E.1766.x.(28.)$aBritish Library$bMUSIC
=985  \\$aCorrected by MS generated file for WR# 12.037
=985  \\$aCorrected by MS generated file for WR# 1805-0738
=CAT  \\$aBATCH-DCW$b00$c20141018$lBLL01$h1757
=CAT  \\$aBATCH-DCW$b00$c20141018$lBLL01$h1843
=CAT  \\$aBATCH-UPD$b00$c20150520$lBLL01$h1024
=CAT  \\$a11814$b40$c20150609$lBLL01$h1633
=CAT  \\$aWR15_100$c20150811$lBLL01$h0328
=CAT  \\$a1805-0738$c20181228$lBLL01$h1847
=CAT  \\$a1805-0738$b00$c20181228$lBLL01$h1932
=CAT  \\$aW2102-0046$b00$c20210506$lBLL01$h1515
=FIN  \\$aY$d20141018
=LKR  \\$aPAR$lBLL01$r776$b004418529$mI vow to thee, my Country. Unison Song, words by C. S. Rice, etc.$nI vow to thee, my Country. Unison Song, words by C. S. Rice, etc.
=DGM  \\$a004418529$bCatBridge variable field
=DRT  \\$aWW1
=SRC  \\$aWW1$bEuropeana_Collections_1914-1918_20140601_muscorr
=OHC  \\$a1
=LAS  \\$aW2102-0046$b00$c20210506$lBLL01$h1515

