=LDR  01891ccm a22004697  4500
=001  016896509
=003  Uk
=005  20230120123446.0
=007  cr\mn\024mpada
=008  930322s1915\\\\enk|||\|s||||||||\\\und\|
=FMT  \\$a  MU
=019  d\$aed06620003
=040  \\$aUk$cUk
=082  14$a780$215
=100  1\$aJudge, Jack,$d1878-1938.
=245  10$aIt's a long, long Way to Tipperary. <The marching anthem on the battlefields of Europe.> Written & composed by J. Judge & H. Williams.
=264  \1$aLondon :$bB. Feldman& Co,$c[1915?]
=300  \\$a5 pages ;$c(folio)
=336  \\$anotated music$2rdacontent
=337  \\$acomputer$2rdamedia
=337  \\$aunmediated$2rdamedia
=338  \\$aonline$2rdacarrier
=338  \\$avolume$2rdacarrier
=340  \\$mfolio$2rdabf
=700  1\$aWilliams, Harry,$d1873-1924.
=859  \\$aXLD$bWW1
=852  4\$cDRT$jDigital Store H.1652.jj.(11.)$aBritish Library$bMUSIC
=985  \\$aCorrected by MS generated file for WR# 12.037
=985  \\$aCorrected by MS generated file for WR# 1805-0738
=CAT  \\$aBATCH-DCW$b00$c20141018$lBLL01$h1757
=CAT  \\$aBATCH-DCW$b00$c20141018$lBLL01$h1843
=CAT  \\$aWR15_100$c20150811$lBLL01$h0328
=CAT  \\$a1805-0738$c20181228$lBLL01$h1847
=CAT  \\$a1805-0738$b00$c20181228$lBLL01$h1932
=CAT  \\$aMFISHER$b40$c20230120$lBLL01$h1234
=FIN  \\$aY$d20141018
=LKR  \\$aPAR$lBLL01$r776$b004441775$mIt's a long, long Way to Tipperary. <The marching anthem on the battlefields of Europe.> Written & composed by J. Judge & H. Williams.$nIt's a long, long Way to Tipperary. <The marching anthem on the battlefields of Europe.> Written & composed by J. Judge & H. Williams.
=DGM  \\$a004441775$bCatBridge variable field
=DRT  \\$aWW1
=SRC  \\$aWW1$bEuropeana_Collections_1914-1918_20140601_muscorr
=OHC  \\$a1
=LAS  \\$aMFISHER$b40$c20230120$lBLL01$h1234

