=LDR  01493 cm a22004457  4500
=001  016896510
=003  Uk
=005  20141018175753.0
=007  cr\mn\024mpada
=008  930325s1914\\\\enk|||\|s||||||||\\\und\|
=FMT  \\$a  MU
=019  d\$afe00150003
=040  \\$aUk$cUk
=082  14$a780$215
=100  1\$aOakeley, Edward Murray.
=245  10$aNavy League March for the organ, etc.
=264  \1$aLondon :$bWest & Co,$c1914.
=300  \\$c(oblong folio)
=336  \\$anotated music$2rdacontent
=337  \\$acomputer$2rdamedia
=337  \\$aunmediated$2rdamedia
=338  \\$aonline$2rdacarrier
=338  \\$avolume$2rdacarrier
=340  \\$mfolio$2rdabf
=859  \\$aXLD$bWW1
=852  4\$cDRT$jDigital Store f.314.dd.(22.)$aBritish Library$bMUSIC
=985  \\$aCorrected by MS generated file for WR# 12.037
=985  \\$aCorrected by MS generated file for WR# 1805-0738
=CAT  \\$aBATCH-DCW$b00$c20141018$lBLL01$h1757
=CAT  \\$aBATCH-DCW$b00$c20141018$lBLL01$h1843
=CAT  \\$aWR15_100$c20150811$lBLL01$h0328
=CAT  \\$a1805-0738$c20181228$lBLL01$h1847
=CAT  \\$a1805-0738$b00$c20181228$lBLL01$h1932
=FIN  \\$aY$d20141018
=LKR  \\$aPAR$lBLL01$r776$b004558599$mNavy League March for the organ, etc.$nNavy League March for the organ, etc.
=DGM  \\$a004558599$bCatBridge variable field
=DRT  \\$aWW1
=SRC  \\$aWW1$bEuropeana_Collections_1914-1918_20140601_muscorr
=OHC  \\$a1
=LAS  \\$a1805-0738$b00$c20181228$lBLL01$h1932

