=LDR  01883 cm a22004817  4500
=001  016896511
=003  Uk
=005  20210506151558.0
=007  cr\mn\024mpada
=008  930325s1916\\\\enk|||\|s||||||||\\\eng\|
=FMT  \\$a  MU
=019  d\$aff10830011
=040  \\$aUk$cUk
=082  14$a780$215
=100  1\$aParry, C. Hubert H.$q(Charles Hubert Hastings),$d1848-1918.
=240  10$aJerusalem
=245  10$aAnd did those Feet in ancient Time. Stanzas from W. Blake's ♯Prophetic Books,' etc. [Song.]
=264  \1$aLondon :$bJ. Curwen & Sons,$c1916.
=300  \\$c(8º)
=336  \\$anotated music$2rdacontent
=337  \\$acomputer$2rdamedia
=337  \\$aunmediated$2rdamedia
=338  \\$aonline$2rdacarrier
=338  \\$avolume$2rdacarrier
=340  \\$m8vo$2rdabf
=859  \\$aXLD$bWW1
=883  0\$aLanguage codes assigned by Bayesian analysis of words present in record$d20210115$qUk$c0.9450
=852  4\$cDRT$jDigital Store F.636.ss.(7.)$aBritish Library$bMUSIC
=985  \\$aCorrected by MS generated file for WR# 12.037
=985  \\$aCorrected by MS generated file for WR# 1805-0738
=CAT  \\$aBATCH-DCW$b00$c20141018$lBLL01$h1757
=CAT  \\$aBATCH-DCW$b00$c20141018$lBLL01$h1843
=CAT  \\$aWR15_100$c20150811$lBLL01$h0328
=CAT  \\$a1805-0738$c20181228$lBLL01$h1847
=CAT  \\$a1805-0738$b00$c20181228$lBLL01$h1932
=CAT  \\$aW2102-0046$b00$c20210506$lBLL01$h1515
=FIN  \\$aY$d20141018
=LKR  \\$aPAR$lBLL01$r776$b004570534$mAnd did those Feet in ancient Time. Stanzas from W. Blake's ♯Prophetic Books,' etc. [Song.]$nAnd did those Feet in ancient Time. Stanzas from W. Blake's ♯Prophetic Books,' etc. [Song.]
=DGM  \\$a004570534$bCatBridge variable field
=DRT  \\$aWW1
=SRC  \\$aWW1$bEuropeana_Collections_1914-1918_20140601_muscorr
=OHC  \\$a1
=LAS  \\$aW2102-0046$b00$c20210506$lBLL01$h1515

