=LDR  01986 cm a22004937  4500
=001  016896512
=003  Uk
=005  20210506151558.0
=007  cr\mn\024mpada
=008  930329s1914\\\\enk|||\|s||||||||\\\eng\|
=FMT  \\$a  MU
=019  d\$afm09300427
=040  \\$aUk$cUk
=082  14$a780$215
=100  1\$aRubens, Paul A.$q(Paul Alfred),$d1875-1917.
=240  10$aYour King and Country want you
=245  10$aYour King and Country want you. A woman's Recruiting Song, words & music by P. A. Rubens. [In C and D.]
=264  \1$aLondon, etc :$bChappell & Co,$c1914.
=300  \\$a2 no ;$c(folio)
=336  \\$anotated music$2rdacontent
=337  \\$acomputer$2rdamedia
=337  \\$aunmediated$2rdamedia
=338  \\$aonline$2rdacarrier
=338  \\$avolume$2rdacarrier
=340  \\$mfolio$2rdabf
=859  \\$aXLD$bWW1
=883  0\$aLanguage codes assigned by Bayesian analysis of words present in record$d20210115$qUk$c0.9450
=852  4\$cDRT$jDigital Store H.3806.d.(23.)$aBritish Library$bMUSIC
=985  \\$aCorrected by MS generated file for WR# 12.037
=985  \\$aCorrected by MS generated file for WR# 1805-0738
=CAT  \\$aBATCH-DCW$b00$c20141018$lBLL01$h1757
=CAT  \\$aBATCH-DCW$b00$c20141018$lBLL01$h1843
=CAT  \\$aBATCH-UPD$b00$c20150520$lBLL01$h1028
=CAT  \\$aWR15_100$c20150811$lBLL01$h0328
=CAT  \\$a1805-0738$c20181228$lBLL01$h1847
=CAT  \\$a1805-0738$b00$c20181228$lBLL01$h1932
=CAT  \\$aW2102-0046$b00$c20210506$lBLL01$h1515
=FIN  \\$aY$d20141018
=LKR  \\$aPAR$lBLL01$r776$b004627236$mYour King and Country want you. A woman's Recruiting Song, words & music by P. A. Rubens. [In C and D.]$nYour King and Country want you. A woman's Recruiting Song, words & music by P. A. Rubens. [In C and D.]
=DGM  \\$a004627236$bCatBridge variable field
=DRT  \\$aWW1
=SRC  \\$aWW1$bEuropeana_Collections_1914-1918_20140601_muscorr
=OHC  \\$a1
=LAS  \\$aW2102-0046$b00$c20210506$lBLL01$h1515

