=LDR  01835 cm a22004937  4500
=001  016896513
=003  Uk
=005  20210506151558.0
=007  cr\mn\024mpada
=008  930329s1913\\\\xxu|||\|s||||||||\\\eng\|
=FMT  \\$a  MU
=019  d\$agd11330061
=040  \\$aUk$cUk
=082  14$a780$215
=100  1\$aSilver, Alfred J.,$d1870-1935.
=245  14$aThe Pedlar's Caravan. Unison Song, words by W. B. Rands.
=264  \1$aNew York ;$aBirmingham :$bJ. Fischer & Co,$c1913.
=300  \\$c(8º)
=336  \\$anotated music$2rdacontent
=337  \\$acomputer$2rdamedia
=337  \\$aunmediated$2rdamedia
=338  \\$aonline$2rdacarrier
=338  \\$avolume$2rdacarrier
=340  \\$m8vo$2rdabf
=859  \\$aXLD$bWW1
=883  0\$aLanguage codes assigned by Bayesian analysis of words present in record$d20210115$qUk$c0.9450
=852  4\$cDRT$jDigital Store F.636.ll.(17.)$aBritish Library$bMUSIC
=985  \\$aCorrected by MS generated file for WR# 12.037
=985  \\$aCorrected by MS generated file for WR# 1805-0738
=CAT  \\$aBATCH-DCW$b00$c20141018$lBLL01$h1757
=CAT  \\$aBATCH-DCW$b00$c20141018$lBLL01$h1843
=CAT  \\$aWR15_100$c20150811$lBLL01$h0328
=CAT  \\$a11814$b40$c20170322$lBLL01$h1013
=CAT  \\$aBATCH-UPD$b40$c20181119$lBLL01$h2149
=CAT  \\$a1805-0738$c20190121$lBLL01$h1741
=CAT  \\$a1805-0738$b00$c20190121$lBLL01$h1745
=CAT  \\$aW2102-0046$b00$c20210506$lBLL01$h1515
=FIN  \\$aY$d20141018
=LKR  \\$aPAR$lBLL01$r776$b004658148$mThe Pedlar's Caravan. Unison Song, words by W. B. Rands.$nThe Pedlar's Caravan. Unison Song, words by W. B. Rands.
=DGM  \\$a004658148$bCatBridge variable field
=DRT  \\$aWW1
=SRC  \\$aWW1$bEuropeana_Collections_1914-1918_20140601_muscorr
=OHC  \\$a1
=LAS  \\$aW2102-0046$b00$c20210506$lBLL01$h1515

