=LDR  01486 cm a22004337  4500
=001  016896514
=003  Uk
=005  20141018175754.0
=007  cr\mn\024mpada
=008  930329s1915\\\\enk|||\|s||||||||\\\und\|
=FMT  \\$a  MU
=019  d\$age11350267
=040  \\$aUk$cUk
=082  14$a780$215
=245  00$aMarching Songs for Soldiers. [Melodies and words.]
=264  \1$aLondon, etc :$bBoosey & Co,$c1915.
=300  \\$c(8º)
=336  \\$anotated music$2rdacontent
=337  \\$acomputer$2rdamedia
=337  \\$aunmediated$2rdamedia
=338  \\$aonline$2rdacarrier
=338  \\$avolume$2rdacarrier
=340  \\$m8vo$2rdabf
=859  \\$aXLD$bWW1
=852  4\$cDRT$jDigital Store B.675.k.(4.)$aBritish Library$bMUSIC
=985  \\$aCorrected by MS generated file for WR# 12.037
=985  \\$aCorrected by MS generated file for WR# 1805-0738
=CAT  \\$aBATCH-DCW$b00$c20141018$lBLL01$h1757
=CAT  \\$aBATCH-DCW$b00$c20141018$lBLL01$h1843
=CAT  \\$aWR15_100$c20150811$lBLL01$h0328
=CAT  \\$a1805-0738$c20181228$lBLL01$h1847
=CAT  \\$a1805-0738$b00$c20181228$lBLL01$h1932
=FIN  \\$aY$d20141018
=LKR  \\$aPAR$lBLL01$r776$b004668429$mMarching Songs for Soldiers. [Melodies and words.]$nMarching Songs for Soldiers. [Melodies and words.]
=DGM  \\$a004668429$bCatBridge variable field
=DRT  \\$aWW1
=SRC  \\$aWW1$bEuropeana_Collections_1914-1918_20140601_muscorr
=OHC  \\$a1
=LAS  \\$a1805-0738$b00$c20181228$lBLL01$h1932

