=LDR  01253 cm a22003977  4500
=001  016896518
=003  Uk
=005  20141018175754.0
=007  cr\mn\024mpada
=008  930401s1912\\\\enk|||\|s||||||||\\\und\|
=FMT  \\$a  MU
=019  d\$agm11680003
=040  \\$aUk$cUk
=082  14$a780$215
=100  1\$aWarren, Francis Purcell,$d1895-1916.
=245  10$aBenediction Service.
=260  \\$aLondon :$bRichards & Co,$c(1912.)
=300  \\$c8.̊
=336  \\$anotated music$2rdacontent
=337  \\$acomputer$2rdamedia
=337  \\$aunmediated$2rdamedia
=338  \\$aonline$2rdacarrier
=338  \\$avolume$2rdacarrier
=500  \\$aThe Catholic Choir. Benediction Music, No.10.
=859  \\$aXLD$bWW1
=852  4\$cDRT$jDigital Store F.274.o.(24.)$aBritish Library$bMUSIC
=CAT  \\$aBATCH-DCW$b00$c20141018$lBLL01$h1757
=CAT  \\$aBATCH-DCW$b00$c20141018$lBLL01$h1843
=CAT  \\$aWR15_100$c20150811$lBLL01$h0328
=FIN  \\$aY$d20141018
=LKR  \\$aPAR$lBLL01$r776$b004730819$mBenediction Service.$nBenediction Service.
=DGM  \\$a004730819$bCatBridge variable field
=DRT  \\$aWW1
=SRC  \\$aWW1$bEuropeana_Collections_1914-1918_20140601_muscorr
=OHC  \\$a1
=LAS  \\$aWR15_100$b00$c20150811$lBLL01$h0328

