=LDR  01758ccm a2200529ua 4500
=001  016896522
=003  Uk
=005  20220531172715.0
=007  cr\mn\024mpada
=008  910730s1916\\\\enk||a\|s||||||||\b\zxx\\
=FMT  \\$a  MU
=019  3\$amu9150846
=020  \\$cNo price
=028  22$a5418$bHawkes & Son
=040  \\$aUk$cUk
=082  04$a784.8
=084  \\$aUMJ$2bcmc
=100  1\$aBidgood, Thomas,$d1858-1925.
=240  10$aKhaki camp;$oarranged
=245  12$aA khaki camp :$bdescriptive fantasia /$cselected and adapted by Oliver Hood.
=260  \\$aLondon :$bHawkes & Son,$cc1916.
=300  \\$a1 conductor (6 p.) ;$c28 cm. +$e1 set of parts.
=336  \\$anotated music$2rdacontent
=337  \\$acomputer$2rdamedia
=337  \\$aunmediated$2rdamedia
=338  \\$aonline$2rdacarrier
=338  \\$avolume$2rdacarrier
=500  \\$aFor wind band.
=500  \\$aPl. no. 5418.
=653  \\$aWind bands
=859  \\$aXLD$bWW1
=852  4\$cDRT$jDigital Store f.841.n.(6.)$aBritish Library$bMUSIC
=957  \\$ac160509
=985  \\$aCorrected by MS generated file for WR# 12.037
=985  \\$aRecord amended for WR# 13/070
=CAT  \\$aBATCH-DCW$b00$c20141018$lBLL01$h1757
=CAT  \\$aBATCH-DCW$b00$c20141018$lBLL01$h1843
=CAT  \\$aMFISHER$b40$c20220531$lBLL01$h1727
=CAT  \\$aMFISHER$b40$c20220531$lBLL01$h1727
=CAT  \\$aMFISHER$b40$c20220531$lBLL01$h1727
=FIN  \\$aY$d20141018
=LKR  \\$aPAR$lBLL01$r776$b005264128$mA khaki camp : descriptive fantasia /$nA khaki camp : descriptive fantasia /
=DGM  \\$a005264128$bCatBridge variable field
=DRT  \\$aWW1
=SRC  \\$aWW1$bEuropeana_Collections_1914-1918_20140601_muscorr
=OHC  \\$a1
=LAS  \\$aMFISHER$b40$c20220531$lBLL01$h1727

