=LDR  01630 cm a2200493ua 4500
=001  016896523
=003  Uk
=005  20141018175754.0
=007  cr\mn\024mpada
=008  911101s1918\\\\xxu||a\|s||||||||\\\\\\\\
=FMT  \\$a  MU
=019  3\$amu9151223
=020  \\$cNo price
=028  22$a21213-23$bCarl Fischer
=028  32$a1894$bCarl Fischer
=040  \\$aUk$cUk
=082  04$a784.4
=084  \\$aMSJ$2bcmc
=100  1\$aBorch, Gaston,$d1871-1926.
=245  10$aBattle on the Marne :$b(a battle scene) : theatre orch.
=260  \\$aNew York :$bCarl Fischer,$cc1918.
=300  \\$a1 conductor (5 p.) ;$c28 cm. +$e1 set of parts.
=336  \\$anotated music$2rdacontent
=337  \\$acomputer$2rdamedia
=337  \\$aunmediated$2rdamedia
=338  \\$aonline$2rdacarrier
=338  \\$avolume$2rdacarrier
=500  \\$aPl. no. 21213-23.
=500  \\$aPubl. no. 1894.
=653  \\$aLight orchestras
=859  \\$aXLD$bWW1
=852  4\$cDRT$jDigital Store g.1719.e.(2.)$aBritish Library$bMUSIC
=957  \\$ac181205
=985  \\$aCorrected by MS generated file for WR# 12.037
=CAT  \\$aBATCH-DCW$b00$c20141018$lBLL01$h1757
=CAT  \\$aBATCH-DCW$b00$c20141018$lBLL01$h1843
=CAT  \\$a8870$b40$c20170308$lBLL01$h1604
=FIN  \\$aY$d20141018
=LKR  \\$aPAR$lBLL01$r776$b005264406$mBattle on the Marne : (a battle scene) : theatre orch.$nBattle on the Marne : (a battle scene) : theatre orch.
=DGM  \\$a005264406$bCatBridge variable field
=DRT  \\$aWW1
=SRC  \\$aWW1$bEuropeana_Collections_1914-1918_20140601_muscorr
=OHC  \\$a1
=LAS  \\$a8870$b40$c20170308$lBLL01$h1604

