=LDR  01604 cm a2200481ua 4500
=001  016896524
=003  Uk
=005  20141018175754.0
=007  cr\mn\024mpada
=008  920610s1917\\\\xxu||a\|s||||||||\b\\\\\\
=FMT  \\$a  MU
=019  3\$amu9152469
=020  \\$cNo price
=040  \\$aUk$cUk
=082  04$a784.8
=084  \\$aUMK/DW$2bcmc
=100  1\$aCohan, George M.$q(George Michael),$d1878-1942.
=240  10$aOver there;$oarranged
=245  00$aOver there :$bone-step and march.
=260  \\$aNew York :$bWm. Jerome Pub. Corp.,$cc1917.
=300  \\$a1 conductor ([1] p.) ;$c13 x 17 cm. +$e1 set of parts.
=336  \\$anotated music$2rdacontent
=337  \\$acomputer$2rdamedia
=337  \\$aunmediated$2rdamedia
=338  \\$aonline$2rdacarrier
=338  \\$avolume$2rdacarrier
=500  \\$aFor wind band.
=653  \\$aSongs$aArrangements for wind bands
=859  \\$aXLD$bWW1
=852  4\$cDRT$jDigital Store a.318.(5.)$aBritish Library$bMUSIC
=957  \\$ac180125
=985  \\$aCorrected by MS generated file for WR# 12.037
=985  \\$aRecord amended for WR# 13/070
=CAT  \\$aBATCH-DCW$b00$c20141018$lBLL01$h1757
=CAT  \\$aBATCH-DCW$b00$c20141018$lBLL01$h1843
=CAT  \\$aBATCH-UPD$b00$c20150520$lBLL01$h1025
=FIN  \\$aY$d20141018
=LKR  \\$aPAR$lBLL01$r776$b005265629$mOver there : one-step and march.$nOver there : one-step and march.
=DGM  \\$a005265629$bCatBridge variable field
=DRT  \\$aWW1
=SRC  \\$aWW1$bEuropeana_Collections_1914-1918_20140601_muscorr
=OHC  \\$a1
=LAS  \\$aBATCH-UPD$b00$c20150520$lBLL01$h1025

