=LDR  01568 cm a2200493ua 4500
=001  016896525
=003  Uk
=005  20141018175754.0
=007  cr\mn\024mpada
=008  920610s1917\\\\xxu||a\|s||||||||\\\\\\\\
=FMT  \\$a  MU
=019  3\$amu9152487
=020  \\$cNo price
=028  22$a2681-6$bCundy-Bettoney Co.
=028  32$a448$bCundy-Bettoney Co.
=040  \\$aUk$cUk
=082  04$a784.81897$220
=084  \\$aUMGM$2bcmc
=100  1\$aCrosby, H. J.
=245  14$aThe United States Navy :$bmarch.
=260  \\$aBoston :$bCundy-Bettoney Co.,$cc1917.
=300  \\$a1 conductor ([1] p.) ;$c13 x 17 cm. +$e1 set of parts.
=336  \\$anotated music$2rdacontent
=337  \\$acomputer$2rdamedia
=337  \\$aunmediated$2rdamedia
=338  \\$aonline$2rdacarrier
=338  \\$avolume$2rdacarrier
=500  \\$aFor wind band.
=500  \\$aPl. no. 2681-6.
=500  \\$aPubl. no. 448.
=653  \\$aMarches for wind bands
=859  \\$aXLD$bWW1
=852  4\$cDRT$jDigital Store a.318.a.(10.)$aBritish Library$bMUSIC
=957  \\$ac170417
=985  \\$aCorrected by MS generated file for WR# 12.037
=CAT  \\$aBATCH-DCW$b00$c20141018$lBLL01$h1757
=CAT  \\$aBATCH-DCW$b00$c20141018$lBLL01$h1843
=FIN  \\$aY$d20141018
=LKR  \\$aPAR$lBLL01$r776$b005265647$mThe United States Navy : march.$nThe United States Navy : march.
=DGM  \\$a005265647$bCatBridge variable field
=DRT  \\$aWW1
=SRC  \\$aWW1$bEuropeana_Collections_1914-1918_20140601_muscorr
=OHC  \\$a1
=LAS  \\$aBATCH-DCW$b00$c20141018$lBLL01$h1843

