=LDR  01600ccm a2200493ua 4500
=001  016896526
=003  Uk
=005  20230921105655.0
=007  cr\mn\024mpada
=008  930728s1916\\\\xxu||a\|s||||||||\\\\\\\\
=FMT  \\$a  MU
=019  3\$amu9264306
=020  \\$cNo price
=028  22$a19100-6³/₄$bCarl Fischer
=040  \\$aUk$cUk
=082  04$a784.81897$220
=084  \\$aUMGM$2bcmc
=100  1\$aLithgow, Alex,$d1870-1929.
=245  10$aRoyal Australian Navy :$bmarch.
=260  \\$aNew York :$bCarl Fischer,$cc1916.
=300  \\$a1 conductor ([1] p.) ;$c28 cm. +$e1 set of parts.
=336  \\$anotated music$2rdacontent
=337  \\$acomputer$2rdamedia
=337  \\$aunmediated$2rdamedia
=338  \\$aonline$2rdacarrier
=338  \\$avolume$2rdacarrier
=490  0\$aAmerican star journal ;$v2046
=500  \\$aFor wind band.
=500  \\$aPl. no. 19100-6³/₄.
=653  \\$aMarches for wind bands
=859  \\$aXLD$bWW1
=852  4\$cDRT$jDigital Store f.842.a.(6.)$aBritish Library$bMUSIC
=957  \\$ac160303
=985  \\$aCorrected by MS generated file for WR# 12.037
=CAT  \\$aBATCH-DCW$b00$c20141018$lBLL01$h1757
=CAT  \\$aBATCH-DCW$b00$c20141018$lBLL01$h1843
=CAT  \\$aMFISHER$b40$c20230921$lBLL01$h1056
=FIN  \\$aY$d20141018
=LKR  \\$aPAR$lBLL01$r776$b005271661$mRoyal Australian Navy : march.$nRoyal Australian Navy : march.
=DGM  \\$a005271661$bCatBridge variable field
=DRT  \\$aWW1
=SRC  \\$aWW1$bEuropeana_Collections_1914-1918_20140601_muscorr
=OHC  \\$a1
=LAS  \\$aMFISHER$b40$c20230921$lBLL01$h1056

