=LDR  01623 cm a2200481ua 4500
=001  016896527
=003  Uk
=005  20141018175754.0
=007  cr\mn\024mpada
=008  940302s1916\\\\xxu||a\|s||||||||\\\\\\\\
=FMT  \\$a  MU
=019  3\$amu9376920
=020  \\$cNo price
=040  \\$aUk$cUk
=082  04$a784.41897$220
=084  \\$aMSGM$2bcmc
=100  1\$aRosey, Geo.$q(George)
=240  10$aMilitary tactics
=245  10$aMarch 'Military tactics' :$bone step - two step.
=260  \\$aNew York :$bGeorge Rosey Pub. Co.,$cc1916.
=300  \\$a1 conductor ([2] p.) ;$c28 cm. +$e1 set of parts.
=336  \\$anotated music$2rdacontent
=337  \\$acomputer$2rdamedia
=337  \\$aunmediated$2rdamedia
=338  \\$aonline$2rdacarrier
=338  \\$avolume$2rdacarrier
=500  \\$aFor orchestra.
=653  \\$aMarches for light orchestras
=859  \\$aXLD$bWW1
=852  4\$cDRT$jDigital Store f.842.w.(20.)$aBritish Library$bMUSIC
=957  \\$ac160822
=985  \\$aCorrected by MS generated file for WR# 12.037
=CAT  \\$aBATCH-DCW$b00$c20141018$lBLL01$h1757
=CAT  \\$aBATCH-UPD$b00$c20141018$lBLL01$h1758
=CAT  \\$aBATCH-DCW$b00$c20141018$lBLL01$h1843
=CAT  \\$aBATCH-UPD$b00$c20150920$lBLL01$h2056
=FIN  \\$aY$d20141018
=LKR  \\$aPAR$lBLL01$r776$b005276377$mMarch 'Military tactics' : one step - two step.$nMarch 'Military tactics' : one step - two step.
=DGM  \\$a005276377$bCatBridge variable field
=DRT  \\$aWW1
=SRC  \\$aWW1$bEuropeana_Collections_1914-1918_20140601_muscorr
=OHC  \\$a1
=LAS  \\$aBATCH-UPD$b00$c20150920$lBLL01$h2056

