=LDR  01447 cm a2200457ua 4500
=001  016896528
=003  Uk
=005  20141018175754.0
=007  cr\mn\024mpada
=008  940629s1918\\\\xxu|||\|s||||||||\\\\\\\\
=FMT  \\$a  MU
=019  3\$amu9454504
=020  \\$cNo price
=028  32$a15976$bTheodore Presser Co.
=040  \\$aUk$cUk
=082  04$a786.2
=084  \\$aQNV$2bcmc
=100  1\$aWarren, A. E.
=245  10$aSalute the colors :$bmarch : piano duet.
=260  \\$aPhiladelphia :$bTheodore Presser Co.,$cc1918.
=300  \\$a7 p. ;$c31 cm.
=336  \\$anotated music$2rdacontent
=337  \\$acomputer$2rdamedia
=337  \\$aunmediated$2rdamedia
=338  \\$aonline$2rdacarrier
=338  \\$avolume$2rdacarrier
=500  \\$aPubl. no. 15976.
=653  \\$aPiano (1), 4 hands
=859  \\$aXLD$bWW1
=852  4\$cDRT$jDigital Store g.1718.w.(4.)$aBritish Library$bMUSIC
=957  \\$ac181230
=985  \\$aCorrected by MS generated file for WR# 12.037
=CAT  \\$aBATCH-DCW$b00$c20141018$lBLL01$h1757
=CAT  \\$aBATCH-DCW$b00$c20141018$lBLL01$h1843
=FIN  \\$aY$d20141018
=LKR  \\$aPAR$lBLL01$r776$b005280546$mSalute the colors : march : piano duet.$nSalute the colors : march : piano duet.
=DGM  \\$a005280546$bCatBridge variable field
=DRT  \\$aWW1
=SRC  \\$aWW1$bEuropeana_Collections_1914-1918_20140601_muscorr
=OHC  \\$a1
=LAS  \\$aBATCH-DCW$b00$c20141018$lBLL01$h1843

